1655 2726
727 94 989 130 —198—›

201 195 305 229 1237,
321 195 493 226 Tectorum
517 201 578 233 per
602 192 759 224 stillantia
892 191 995 224 1238.
1010 190 1107 222 Suam
1131 190 1213 222 iram
1237 189 1267 220 is
1293 186 1453 227 reprimi-t,

315 242 445 274 Evitem
469 248 530 282 per
554 248 683 279 precem
707 242 806 278 tuam,
1010 238 1072 276 Qui
1096 240 1189 269 vaca-t
1214 240 1271 268 tuo
1294 234 1427 271 nomini,

316 290 367 321 De
391 297 522 329 quorum
550 289 618 319 irae
643 287 757 327 pluvia
1005 285 1057 316 Ab
1084 285 1230 317 adversis
1254 284 1342 315 hunc
1365 280 1499 314 redimit

319 337 361 369 Os
386 336 531 377 implevit
553 343 684 367 manum
707 343 808 366 suam.
1008 332 1197 364 Benedictio
1221 330 1361 363 Domini.

542 412 645 445 1239.
658 410 795 443 Minime
820 410 905 449 perit
931 409 1049 448 anima,

663 459 719 491 Cui
744 458 881 499 gratiam
906 460 994 488 tuam
1018 455 1140 496 fundis,

660 506 775 549 Maria,
802 514 900 537 mauu
923 504 1065 537 maxima

661 554 806 587 Trahens
819 554 928 593 lapsos
944 553 983 584 de
993 551 1175 592 profundis,

783 659 935 694 CXXIX.

200 741 302 773 1240.
317 739 368 771 De
393 738 563 780 profundis
589 739 809 770 clamaverunt
893 738 999 769 1242.
1012 737 1108 769 Meae
1128 736 1228 768 menti
1254 735 1438 768 multotiens

319 789 373 819 Ad
400 792 441 830 te,
469 791 582 827 maten!
608 789 790 830 pereuntes,
1009 785 1297 826 Adpropinquavit
1321 784 1425 820 ruina,

320 836 364 868 Et
390 836 436 868 eis
461 844 588 876 semper
612 834 742 867 fuerunt
1014 833 1073 866 Cui
1098 832 1168 873 fias,
1196 833 1286 874 virgo
1312 833 1452 873 sapiens,

319 886 426 916 Aures
451 888 527 916 tuae
551 884 767 916 intendentes.
1013 881 1169 914 Custodia
1192 881 1359 913 matutina„

202 962 594 1002 1241.1ntendentesque
619 961 760 992 velocem
896 959 998 993 1243.
1014 959 1177 991 Matutina
1200 959 1256 990 lux
1280 958 1398 997 Maria,

320 1010 409 1042 Dant
429 1018 614 1041 succursum
639 1009 729 1049 plebi
747 1017 834 1048 reae,
1015 1007 1103 1046 Quae
1125 1006 1242 1039 fudisti
1265 1007 1369 1038 lucem
1395 1005 1511 1048 Deum,

320 1058 485 1091 Exaudiat
507 1066 582 1098 ergo
607 1066 716 1088 vocem
1013 1056 1094 1087 Esto
1118 1056 1198 1087 mihi
1223 1056 1278 1086 lux
1303 1058 1336 1085 et
1359 1055 1414 1086 via

321 1106 572 1148 Deprecationis
594 1114 695 1145 meae,
1015 1103 1152 1144 Copiosa
1176 1104 1264 1143 apud
1290 1111 1372 1137 eum.

544 1182 647 1214 1244.
662 1181 748 1213 Eum
772 1180 838 1213 fide
863 1189 949 1212 nunc
971 1180 1097 1213 videnti

664 1229 717 1261 Da
739 1230 846 1261 Iesum
875 1229 957 1261 caeli
982 1229 1111 1268 lumine,

663 1277 708 1309 Et
733 1277 860 1309 Mariae
884 1277 1038 1308 servienti

666 1325 717 1357 Da
741 1329 785 1365 te,
811 1325 895 1368 Iesu,
923 1325 968 1355 mi
993 1324 1139 1359 Domine.

798 1422 930 1455 CXXX.

208 1503 311 1534 1245.
326 1500 475 1540 Domine,
500 1509 564 1532 non
590 1503 639 1532 est
662 1500 777 1531 similis
896 1500 1000 1534 1248.
1015 1498 1184 1531 Saeculum
1208 1508 1261 1531 me
1283 1499 1452 1532 absorbuit

326 1549 426 1596 inMatri
451 1552 525 1580 tuae
549 1549 581 1580 iu
608 1549 749 1582 moribus
1017 1548 1246 1588 Angustiarum
1271 1549 1305 1580 in
1330 1548 1464 1589 stagnis,

321 1596 392 1628 Nec
410 1597 532 1628 virtute
554 1601 621 1628 tam
644 1596 763 1628 nobilis
1014 1596 1090 1628 Vita
1118 1597 1208 1628 cuius
1231 1599 1267 1627 te
1292 1597 1408 1637 caruit,

323 1644 435 1685 Neque
459 1645 492 1676 in
518 1644 731 1677 mirabilibus.
1014 1643 1093 1676 Cum
1116 1644 1278 1677 ambulavi
1304 1645 1340 1676 in
1365 1645 1500 1685 magnis

209 1725 313 1757 1246.
328 1722 534 1754 Mirabilibus
559 1724 633 1754 sunt
658 1722 722 1753 tuis
897 1720 1000 1755 1249.
1015 1721 1144 1763 Magnis
1170 1730 1248 1754 vero
1274 1722 1426 1763 periculis

324 1770 505 1803 Conversae
529 1774 639 1810 gentes
664 1771 707 1802 ad
721 1768 836 1811 Deum,
1016 1769 1151 1810 Percepi
1176 1773 1265 1802 tuam
1288 1772 1439 1814 gratiam,

323 1820 361 1851 In
386 1822 429 1858 te,
457 1827 537 1859 quae
559 1818 697 1859 gratiam
720 1818 816 1859 pluis,
1014 1817 1133 1859 Maria,
1158 1818 1222 1850 tuis
1247 1820 1386 1851 servulis

323 1866 509 1900 Exaltatum
537 1871 584 1898 est
611 1875 666 1898 cor
690 1874 805 1899 meum.
1015 1864 1155 1898 Servans
1178 1867 1335 1908 insignem
1359 1869 1507 1909 gloriam.

207 1944 434 1978 1247.Meum
462 1952 516 1975 cor
542 1952 610 1974 cum
637 1947 669 1974 te
696 1943 824 1983 cogitat,
898 1943 1002 1976 1250.
1019 1941 1163 1975 Gloriam
1188 1943 1259 1986 tibi,
1284 1945 1403 1987 Maria,

325 1991 460 2024 Laetum
483 1991 582 2024 habet
605 1991 814 2033 spiraculum,
1017 1990 1128 2023 Debeo
1152 2001 1282 2033 semper
1306 1993 1434 2035 offerre,

326 2039 860 2082 Virgo,postquamplebscursitat
1016 2039 1091 2072 Mea
1118 2040 1257 2074 ductrix.
1284 2051 1356 2074 mea
1380 2043 1444 2084 via,

326 2088 422 2120 Nunc
448 2092 480 2119 et
495 2087 649 2127 usquein
665 2088 840 2120 saeculum.
1019 2087 1117 2120 Cuius
1141 2089 1213 2122 laus
1236 2090 1269 2122 in
1297 2089 1377 2123 fines
1401 2095 1520 2126 terrae.

789 2183 943 2217 CXXXI.

205 2263 497 2306 1251.Mem0nt0‚
523 2262 598 2295 Iesu
622 2261 770 2304 Domine,
895 2262 998 2295 1252.
1016 2260 1166 2296 Criminis
1193 2274 1308 2306 expers
1334 2267 1453 2311 Maria,

323 2311 411 2343 Tuae
435 2311 688 2343 mansuetudinis
1012 2310 1091 2349 Fac,
1118 2314 1203 2352 quod
1229 2323 1329 2356 saepe
1354 2320 1387 2349 te
1404 2319 1527 2359 rogavi,

322 2360 366 2392 Et
391 2362 504 2392 orante
527 2362 561 2390 te
584 2359 710 2399 virgine
1013 2358 1072 2391 Uti
1096 2362 1231 2396 reddam
1257 2368 1333 2397 vota
1358 2366 1433 2405 tria,

322 2407 459 2441 Dimitte
482 2417 599 2441 noxam
626 2407 778 2440 criminis.
1014 2406 1105 2440 Sicut
1128 2408 1267 2444 Domino
1291 2414 1409 2447 itu-avi.
