1655 2726
593 139 856 174 -195-

57 230 161 266 1189.
176 233 296 267 Dolosa
325 235 549 268 conventicula
732 238 833 272 1190.
854 240 969 272 Pacem
986 240 1107 272 habens
1127 247 1239 280 pacem
1256 238 1360 279 ponis,

178 282 282 315 Vitem
310 286 342 315 et
366 283 435 316 irae
461 283 624 317 fornacem
855 287 948 328 Virgo
974 296 1049 320 vere
1073 287 1220 329 pacifica,

176 330 313 363 Florens
338 332 444 372 quiete
468 332 582 365 sedula
852 335 943 368 Pacis
969 339 1001 368 et
1025 336 1210 369 salvationis

175 378 253 411 Cum
267 379 329 420 his,
347 379 401 421 qui
415 381 553 413 oderunt
566 391 688 421 pacem.
850 383 1046 417 [tenatorum
1071 393 1145 425 spes
1173 383 1275 417 unica.

403 458 507 492 1191.
524 459 628 492 Unica
652 461 742 500 pacis
767 461 879 503 tutela,

524 507 592 547 Qua
618 506 733 541 feritur
758 507 829 541 fera
854 518 961 549 saeva,

523 556 641 596 Maria,
667 566 795 589 manum
821 557 930 590 releva

524 604 567 637 Et
593 604 632 637 ab
659 605 709 638 ira
735 605 856 638 laesum
882 606 964 638 leva.

672 693 772 726 CXX.

58 767 161 802 1192.
177 768 299 801 Levavi
327 770 436 803 oculos
461 779 547 802 meos
736 771 833 803 1194.
852 770 1380 811 Terramlevans,ornanscaelum,

177 816 230 849 Ad
255 820 343 850 tuam
370 818 616 860 respectionem,
852 819 1024 852 Hominum
1052 818 1161 851 delens
1188 816 1322 859 facinus,

174 866 337 904 Quatenus
366 866 489 898 vanitas
516 875 569 898 eos
851 867 899 900 Ob
925 868 1097 899 humanum
1123 865 1201 898 fecit
1225 866 1327 898 zelum

175 913 246 946 Non
276 914 332 946 det
352 914 386 946 in
411 915 666 948 commotionem.
852 914 1001 947 Animam
1029 917 1115 946 tuam
1140 914 1308 947 Dominus.

57 991 161 1024 1193.
180 990 497 1031 commotionemque
522 990 639 1024 mentis
733 992 835 1025 1195.
852 991 1016 1032 Dominus,
1043 992 1182 1034 inquam,
1209 992 1333 1032 gratiae

173 1038 217 1071 Et
245 1039 385 1072 Satanae
400 1048 512 1078 preme
530 1048 689 1080 guerram,
852 1039 899 1071 Te
922 1038 1083 1081 praefecit
1105 1043 1242 1072 matrem
1264 1049 1364 1080 suam,

172 1086 283 1118 Mater
306 1086 394 1119 illius
420 1087 572 1128 potentis,
851 1087 899 1121 Ut
920 1087 1079 1120 humanae
1104 1087 1254 1120 miseriae

170 1135 232 1175 Qui
257 1133 337 1167 fecit
362 1135 485 1168 caelum
509 1138 542 1167 et
558 1137 690 1170 terram.
853 1135 917 1168 Det
936 1144 1064 1168 manum
1083 1136 1249 1169 dexteram
1266 1138 1365 1169 tuam.

402 1212 505 1246 1196.
520 1211 634 1252 Tuam,
660 1211 778 1253 Maria,
806 1211 942 1253 gratiam

521 1261 704 1301 Percipiam
729 1269 826 1293 carne
850 1263 972 1301 spreta,

520 1309 567 1342 Ut
590 1309 624 1342 in
650 1309 725 1342 Iesu
754 1309 826 1341 dem
851 1309 989 1349 gloriam

519 1356 596 1391 Tibi
620 1366 749 1398 semper
774 1361 880 1389 mente
905 1358 1001 1390 laeta.

664 1454 786 1489 CXXI.

53 1533 156 1568 1197.
172 1532 329 1567 Laetatus
355 1541 434 1576 sum,
464 1542 481 1565 o
506 1531 623 1577 Maria,
732 1532 836 1566 1200.
852 1531 984 1565 Laetari
1008 1532 1072 1564 iam
1098 1540 1191 1563 omne
1216 1529 1297 1563 facis

172 1581 326 1622 Quotiens
353 1583 385 1613 te
411 1580 508 1614 laudo
534 1581 624 1622 satis,
852 1579 916 1614 Cor
933 1582 965 1612 te
985 1588 1153 1621 quaerens,
1174 1582 1206 1611 te
1223 1579 1366 1619 sapiens,

169 1630 254 1663 Nam
280 1633 358 1661 tunc
384 1629 531 1662 custodia
555 1629 610 1669 pia
850 1629 888 1661 ln
913 1628 1058 1661 turribus
1083 1628 1204 1661 multae
1228 1628 1319 1668 pacis

168 1679 289 1712 Exstas
312 1686 403 1710 meae
430 1678 598 1711 castitatis.
850 1677 1005 1711 Firmiter
1031 1676 1091 1709 hoc
1115 1676 1294 1710 stabiliens.

49 1768 155 1802 1198.
172 1766 339 1801 eastitatis
365 1766 497 1808 inimici,
732 1765 835 1800 1201.
852 1764 1027 1798 Stabiliens
1053 1763 1198 1796 stabilita

169 1815 354 1848 Laedentes
378 1815 412 1846 in
438 1814 569 1858 iudicio,
850 1815 988 1847 Praesta
1011 1813 1091 1845 mihi
1118 1812 1343 1853 constantiam,

169 1864 252 1907 Hos,
281 1863 334 1905 qui
361 1862 408 1895 tui
434 1865 510 1895 sunt
534 1862 639 1904 amici,
849 1861 965 1904 Maria,
995 1862 1084 1902 pacis
1110 1861 1225 1903 perita,

171 1913 244 1945 Non
271 1911 469 1952 torquebunt
490 1911 652 1945 incendio.
850 1911 1034 1944 Procurans
1058 1910 1148 1950 pacis
1174 1910 1319 1950 gloriam.

52 2002 159 2037 1199.
174 1999 329 2034 Incendio
355 1999 499 2042 pretioso
730 1999 833 2033 1202.
852 1997 997 2031 Gloriam
1022 1996 1093 2038 tibi,
1119 1996 1235 2035 Maria,

171 2049 302 2084 Amoris
328 2047 381 2081 fac
404 2057 457 2080 me
484 2049 628 2093 cremari,
849 2046 958 2079 Debeo
984 2054 1113 2086 semper
1138 2044 1262 2089 offerre,

171 2099 217 2132 Ut
241 2098 276 2130 in
301 2106 401 2138 reguo
426 2096 566 2139 glorioso
847 2095 924 2128 Mea
951 2094 1090 2135 ductrix,
1116 2102 1187 2126 mea
1213 2094 1276 2136 via,

167 2148 300 2181 Merear
324 2149 431 2179 tecum
457 2144 583 2181 laetari.
849 2143 947 2176 Cuius
971 2144 1043 2176 laus
1067 2143 1102 2176 in
1127 2142 1208 2175 fines
1233 2145 1353 2177 terrae.

650 2242 787 2278 OXXH.

50 2322 227 2361 1203.Ad
254 2323 286 2355 te
311 2320 418 2357 levavi
443 2320 552 2354 oculos
733 2320 838 2354 1204.
856 2319 914 2352 Via
938 2318 1023 2352 mala
1049 2319 1110 2351 hac
1135 2320 1249 2360 aperte

168 2372 327 2413 Rogitans
351 2371 453 2413 virgo,
479 2370 600 2413 Maria,
853 2369 902 2402 Te
928 2376 982 2401 cor
1007 2376 1113 2400 meum
1137 2371 1322 2412 veneratur,

170 2420 216 2456 Ut
240 2419 321 2463 quid
347 2419 472 2460 obliger
497 2420 636 2461 populos
853 2417 966 2451 Donec
990 2416 1051 2459 sui,
1076 2419 1191 2459 mater,
1217 2427 1277 2460 per
1302 2422 1333 2452 te

171 2470 303 2513 Dirigas
329 2468 363 2502 in
388 2469 463 2504 Iesu
486 2468 550 2504 via.
850 2466 1008 2500 Dominus
1032 2466 1236 2501 misereatur.

1153 2522 1214 2554 13*
