1655 2726
567 642 590 674 Ι.
629 642 823 675 psalterium
843 642 960 675 beatae
981 642 1101 675 Mariae
1127 643 1164 675 V.

616 744 759 776 Prima
790 743 1113 785 Quinquagena.

208 830 242 863 1.
268 830 349 869 Ave,
375 829 509 870 lignum,

312 878 398 919 quod
424 887 482 911 suo
508 881 655 919 tempore

271 926 425 959 Fructum
455 927 546 959 dedit

315 976 385 1008 sine
412 975 582 1018 dedecore,

269 1024 349 1057 Cum
375 1032 413 1055 ex
439 1026 495 1055 tuo

317 1072 479 1113 processit
502 1076 645 1113 pectore,

266 1121 328 1161 Qui
354 1123 541 1161 corruptum

314 1171 421 1209 prima
446 1169 505 1201 sub
532 1169 650 1201 arbore

266 1217 446 1250 Suscitaret

315 1266 433 1299 tollens
461 1266 501 1298 de
527 1269 672 1299 stercore

368 1315 588 1351 Peccatorem.

234 1418 241 1425 .
268 1392 350 1431 Ave,
378 1391 479 1423 monti

317 1440 395 1473 Sion
420 1440 617 1481 praeposita,

268 1489 307 1522 In
333 1498 395 1530 quo
421 1497 559 1530 regnans

319 1538 416 1579 digne
440 1546 501 1577 per
523 1536 641 1570 merita

272 1585 394 1619 Gentes
421 1586 506 1626 regis

318 1638 351 1667 et
374 1634 465 1666 laxas
493 1635 614 1676 debita,

266 1683 317 1716 Ne
340 1684 375 1716 in
400 1683 453 1715 die

317 1732 386 1765 irae
409 1732 554 1774 reposita

269 1780 524 1821 Confringantur

319 1830 353 1863 in
378 1838 456 1862 vase
480 1829 612 1870 perdita

368 1878 432 1913 Per
457 1879 618 1911 ardorem.

233 1983 242 1991 .
269 1957 350 1996 Ave,
378 1956 479 2000 virgo,

319 2006 503 2045 susceptrix
528 2013 719 2047 pauperum,

270 2055 356 2094 Quos
379 2054 526 2087 exaltans

319 2104 360 2136 de
385 2101 486 2135 fundo
512 2103 669 2136 scelerum

269 2152 383 2186 Salvos
409 2150 502 2193 facis,

324 2210 366 2233 ne
390 2203 487 2232 ruant
511 2201 639 2241 iterum,

271 2250 359 2291 Ergo
384 2252 474 2281 tuum

319 2298 456 2332 admitte
480 2306 617 2338 puerum

270 2347 309 2380 In
334 2347 443 2379 medio

320 2399 450 2429 tuorum
475 2395 622 2435 uberum,

370 2444 421 2478 Ne
445 2443 610 2478 formidet.

908 832 940 865 4.
968 832 1049 871 Ave,
1076 831 1157 863 caeli

1015 879 1171 920 splendor
1197 884 1229 912 et
1253 880 1365 925 gloria,

967 928 1031 960 Per
1057 936 1152 967 quam
1176 928 1296 961 mundo

1014 976 1102 1008 redit
1126 976 1261 1019 laetitia,

967 1023 1092 1056 Lumen
1119 1025 1226 1056 vultus

1018 1072 1120 1111 patris
1147 1075 1180 1103 et
1205 1072 1310 1113 gratia

968 1119 1101 1161 Signata
1126 1123 1202 1152 sunt

1015 1168 1050 1201 in
1075 1170 1108 1199 te
1133 1177 1193 1208 per
1218 1169 1336 1209 omnia,

966 1214 1007 1250 In
1032 1219 1064 1248 te
1089 1220 1184 1258 pater

1018 1267 1107 1297 certa
1132 1266 1269 1307 vestigia

1065 1312 1121 1345 Sui
1146 1314 1247 1347 videt.

908 1393 940 1426 5.
965 1392 1048 1432 Ave,
1075 1391 1230 1432 templum

1015 1439 1085 1472 veri
1109 1439 1250 1482 pacifici,

966 1488 1090 1521 Domus
1114 1489 1248 1529 placens

1017 1546 1140 1569 summo
1167 1537 1295 1577 artifici,

969 1586 1024 1619 Sic
1049 1588 1164 1618 ornata

1018 1634 1106 1667 cultu
1129 1635 1314 1676 multiplici,

970 1684 1020 1716 Ne
1045 1692 1108 1723 qua
1133 1683 1207 1715 labe

1015 1741 1128 1773 posses
1152 1732 1217 1764 iam
1243 1731 1341 1772 infici,

967 1781 1020 1814 Ex
1045 1789 1107 1820 quo
1134 1780 1209 1814 (loni

1018 1829 1137 1863 virtute
1161 1829 1293 1871 mystici

1065 1877 1112 1910 Es
1138 1876 1260 1914 afflata.

936 1983 943 1991 .
970 1958 1052 1996 Ave,
1079 1955 1180 2000 virgo,

1018 2013 1100 2046 quae
1125 2005 1218 2037 nobis
1244 2004 1415 2047 prospicis,

971 2054 1022 2086 Tu
1048 2051 1189 2086 furorem

1018 2105 1049 2134 et
1075 2102 1156 2134 iram
1182 2101 1310 2142 iudicis,

972 2151 1073 2191 Quam
1098 2159 1269 2192 meremur,

1023 2199 1139 2232 sedare
1164 2198 1299 2238 sufficis,

970 2248 1022 2281 Ne
1047 2248 1153 2289 arguti

1021 2306 1091 2329 cum
1118 2295 1307 2337 apostaticis

971 2345 1150 2378 Puniamur

1021 2402 1129 2435 poena
1151 2393 1308 2426 maleficis

1069 2443 1280 2483 Praeparata.
