1655 2726
647 97 887 135 *49—

119 196 175 229 26.
202 196 284 238 Ave,
313 196 415 238 virgo,

256 245 424 277 doctarum
451 244 610 286 virginum

203 292 412 334 Doctissima‚

253 341 366 382 perfer
391 342 434 374 ad
459 341 629 374 Dominum

205 390 260 423 Sic
286 390 442 423 clamores

256 441 384 472 nostros
411 447 482 471 cum
508 438 651 481 vocibus,

210 487 256 520 Ut
279 486 430 520 intendat
455 486 574 519 nostris

257 535 470 569 orationibus.

126 615 184 648 27.
211 616 293 657 Ave,
321 614 422 655 virgo,

257 661 364 703 plebis
390 661 543 695 Iudaicae

207 710 286 744 Flos
313 714 346 742 et
370 709 443 743 finis

257 759 337 800 legis
362 758 536 803 Mosaicae‚

210 807 279 840 Fac
304 816 362 839 nos
387 807 489 847 legem

257 855 318 888 Dei
345 855 515 887 extendere

208 903 254 937 Et
278 903 408 936 auribus

261 951 361 984 verba
385 951 565 991 percipere.

129 1031 184 1064 28.
213 1029 294 1070 Ave,
322 1029 437 1061 summi

257 1077 343 1119 regis
370 1077 547 1119 oraculum,

208 1126 298 1159 Doce
325 1125 444 1158 Christi

256 1173 386 1207 fidelem
411 1175 578 1217 populum,

210 1222 255 1257 Ut
277 1232 312 1255 se
337 1222 400 1255 Dei

261 1272 415 1312 templum
443 1271 606 1305 custodiat

210 1320 256 1354 Et
282 1321 322 1353 de
347 1320 496 1361 gentibus

257 1368 422 1401 hereditas
448 1368 513 1401 fiat.

125 1448 182 1480 29.
208 1447 290 1490 Ave,
320 1447 417 1479 decus

261 1495 421 1536 virginum
447 1496 597 1540 omnium,

210 1545 311 1585 Quam
337 1543 489 1585 figuravit

259 1593 333 1625 rubi
355 1593 552 1633 incendium,

209 1642 332 1682 Exora,
358 1650 416 1675 nos
441 1645 533 1683 regat

260 1691 315 1731 qui
341 1690 426 1732 regit
449 1691 566 1734 Israel,

212 1739 273 1779 Qui
300 1739 414 1772 eduxit

259 1789 348 1821 velut
373 1797 465 1821 ovem
491 1788 619 1829 Ioseph.

127 1866 184 1900 30.
210 1867 291 1910 Ave,
318 1866 391 1900 luce

260 1915 493 1948 transcendens
519 1915 680 1956 meritum,

209 1965 312 2006 Quam
337 1963 491 2005 figuravit

259 2014 365 2047 velum
391 2012 615 2055 umbriferum,

209 2062 278 2095 Fac
304 2063 451 2094 carentes

257 2111 383 2152 peccati
409 2111 521 2144 nubilo

209 2160 255 2193 Et
281 2159 428 2193 exult-are

259 2209 329 2242 Deo
352 2208 388 2241 in
412 2208 526 2244 iubilo,

127 2288 184 2322 31.
210 2290 293 2328 Ave,
321 2286 383 2320 Dei

258 2339 364 2369 mater
389 2335 527 2381 egregia,

211 2386 400 2428 Synagogae

260 2434 399 2468 carnalis
423 2433 502 2475 filia,

169 2497 190 2521 D
199 2503 228 2520 re
234 2503 250 2519 v
256 2502 269 2518 e
277 2504 289 2518 s
296 2512 302 2522 .
320 2494 446 2519 Psaltoria
463 2492 621 2522 Rhythmica.
654 2492 690 2515 11.

903 197 1063 231 Subtrahe
1089 206 1140 229 me

953 247 1019 278 eius
1045 245 1176 286 iudicio,

905 294 952 329 Uss
976 294 1117 335 gaudere

951 342 1070 383 possim
1097 342 1130 374 in
1157 341 1304 375 Domino.

821 421 875 454 32.
902 421 982 463 Ave,
1012 419 1131 452 Christi

954 475 1071 508 parens
1096 467 1263 510 mirabilis,

909 516 966 549 Cui
991 524 1054 547 non
1082 518 1131 547 est

952 564 1016 595 alia
1042 563 1167 605 similis,

906 611 1089 645 Adversum
1113 621 1171 643 nos

955 668 1121 700 compesce
1144 659 1255 704 filium,

906 709 952 742 Ut
976 711 1082 741 taceat

955 757 1057 799 culpis
1083 756 1236 789 fidelium.

824 837 880 870 33.
906 836 988 876 Ave,
1015 836 1119 865 mater

956 884 1109 915 virtutum
1128 882 1271 922 Domini,

908 931 969 971 Qui
992 930 1142 971 peccanti

955 979 1104 1019 pepercit
1127 979 1260 1020 homini,

906 1027 976 1060 Fac
999 1035 1057 1058 nos
1084 1026 1151 1058 eius

957 1075 1042 1107 atria
1067 1083 1186 1114 cupere

908 1124 954 1157 Et
977 1133 997 1156 a
1020 1123 1132 1164 pravis

956 1172 1041 1204 votis
1067 1169 1217 1205 deficere.

825 1252 882 1284 34.
909 1249 991 1289 Ave,
1016 1251 1118 1289 terra,

958 1306 1052 1338 quam
1078 1298 1181 1330 sancti
1207 1298 1342 1338 spiritus

909 1345 1114 1379 Fecundavit

957 1393 1080 1427 fructus
1107 1393 1272 1436 divinitus‚

911 1443 1100 1483 Captivatos

958 1491 1087 1524 remitte
1110 1491 1242 1535 liberos,

911 1540 1011 1574 Casus
1037 1549 1057 1572 a
1083 1539 1175 1572 nobis

957 1591 1068 1621 averte
1094 1597 1237 1628 asperOS.

827 1670 882 1703 35.
908 1667 990 1711 Ave,
1019 1666 1108 1708 gazis

958 1715 1097 1748 terrenis
1123 1714 1283 1755 indigens⁷

913 1764 1068 1798 Omnibus
1094 1764 1214 1796 sanctis

959 1813 1081 1845 virtute
1103 1811 1322 1854 praeminens,

911 1862 1017 1895 Aures
1043 1860 1163 1893 nostn's

961 1910 1091 1951 porrige
1112 1908 1273 1953 precibus,

911 1959 1112 2002 Exaudiens,
1137 1966 1219 1998 quae

958 2007 1101 2041 fideliter
1127 2010 1254 2048 rogant.

829 2088 885 2121 36.
911 2087 992 2129 Ave,
1022 2084 1145 2119 cunctis

961 2135 1061 2178 plena
1084 2132 1260 2167 virtutibus

912 2185 956 2217 Et
981 2184 1015 2216 in
1042 2182 1162 2215 sanctis

962 2231 1099 2266 fundata
1125 2230 1298 2272 montibus,

913 2282 985 2315 Duc
1009 2281 1044 2314 in
1068 2283 1125 2313 tua,

962 2339 1020 2364 nos
1047 2329 1269 2373 tabernacula,

911 2380 959 2414 Ur,
983 2379 1128 2413 vivamus

958 2432 1064 2462 tecum
1089 2436 1149 2469 per
1175 2428 1304 2462 saecula

1263 2485 1283 2516 4
