1655 2726
171 473 229 506 18.

170 979 226 1012 19.

165 1494 222 1527 20.

168 2011 224 2043 21.

305 212 393 246 Gens
419 223 438 245 a
464 217 567 247 morte
592 216 719 256 redimi,

303 261 407 294 Primi
433 264 465 293 et
489 263 654 303 purissimi

256 309 399 343 Fructus
425 311 503 353 eius,
531 312 586 351 qui
606 315 683 352 post
699 312 797 344 letum

255 356 384 390 Novum
411 366 518 391 secum
545 358 647 392 refert
673 363 799 394 coetum

305 405 356 438 De
380 415 477 439 manu
501 408 700 448 nequissimi.

255 474 338 516 Ave,
364 482 425 513 per
450 483 545 515 quam
565 475 652 507 vitae
667 479 797 516 paetum

257 522 400 555 Verbum
427 522 460 554 in
486 525 519 554 te
546 531 618 555 caro
643 522 765 556 factum

305 571 552 611 Transgressori
576 572 700 614 statuit,

256 619 308 652 Ne
332 620 397 652 iam
422 620 536 652 mortis
562 620 645 652 sciat
669 623 775 653 aetum

253 668 400 709 Regnum
424 668 540 700 videns
564 667 765 708 patefactum

303 716 373 760 His,
402 725 480 757 quos
505 716 622 749 umbra
645 718 760 761 tenuit,

253 765 409 798 Baculum
437 765 587 806 deposuit

254 813 425 846 Helisaeus
450 813 514 846 iam
542 812 753 855 confractum,

253 862 338 895 Dum
353 870 413 903 per
427 863 533 895 carnis
547 871 604 895 rex
615 865 796 896 contactum

300 911 460 944 Pietatem
485 910 602 944 induit.

252 980 334 1021 Ave,
363 978 403 1010 de
429 988 492 1020 qua
516 978 620 1013 virtus
647 981 723 1021 exit,

255 1026 352 1060 Cuius
380 1027 496 1060 dextra
520 1036 579 1060 nos
606 1029 719 1068 erexit,

301 1076 413 1109 Virtus
438 1076 606 1117 unigeniti,

250 1125 312 1165 Qui
338 1132 436 1164 super
458 1134 517 1157 nos
543 1124 705 1157 intellexit

251 1173 331 1205 Illos
356 1173 497 1217 salvans,
524 1182 604 1214 quos
628 1173 736 1206 illexit

297 1222 401 1254 Amor
425 1221 504 1262 ligni
531 1222 640 1264 vetiti3

300 1270 364 1302 Per
388 1272 422 1301 te
445 1270 533 1302 vitae
557 1271 680 1302 redditi

249 1318 343 1351 Victo
369 1318 482 1350 mortis
507 1327 584 1359 rege
609 1320 762 1361 gaudent,

250 1367 339 1408 Ergo
365 1369 478 1408 restat,
507 1370 543 1399 ut
567 1369 600 1398 te
625 1368 760 1400 laudent

299 1415 395 1456 Quasi
420 1415 517 1448 modo
542 1416 653 1455 geniti.

248 1493 330 1533 Ave,
358 1501 416 1533 per
441 1502 535 1533 quam
560 1502 644 1525 nova
669 1492 734 1526 frui

253 1541 354 1581 Coepi
378 1541 451 1573 luce
475 1540 598 1573 fruetus
624 1545 672 1574 tui

298 1589 467 1622 Mediante
491 1590 586 1630 uteri,

251 1637 302 1670 Ne
327 1638 387 1670 sim
412 1638 509 1680 ultra,
537 1638 621 1670 sieut
644 1637 701 1681 fui,

251 1686 329 1719 Cum
356 1685 478 1719 offensa
501 1687 615 1720 matris
640 1689 692 1720 sui

299 1735 507 1775 Maneipatus
534 1737 665 1780 carceri,

299 1784 383 1816 Nam
409 1784 442 1816 in
470 1788 542 1817 ortu
565 1787 659 1824 pueri

248 1832 377 1865 Memor
401 1836 496 1873 pater
521 1833 612 1866 verbi
637 1835 688 1866 sui

249 1881 306 1914 Me
330 1881 472 1923 reduxit,
499 1882 585 1914 unde
610 1883 658 1915 rui

298 1930 364 1963 Sub
390 1934 528 1971 parente
553 1932 666 1965 veteri.

249 2011 331 2054 Ave,
359 2009 462 2050 virgo,
489 2018 570 2051 quae
596 2019 656 2051 per
679 2013 792 2044 natum

251 2058 427 2100 Dignitatis
452 2060 579 2099 primae
603 2062 721 2092 statum

298 2108 407 2140 Prima
432 2108 531 2141 vestis
557 2109 676 2152 speeie,

248 2156 299 2188 Ne
323 2157 387 2189 iam
409 2156 545 2198 plangat
564 2157 791 2198 prolongatum

249 2205 348 2238 Suum
376 2205 469 2237 exsul
494 2205 681 2251 incolatum,

296 2254 382 2287 Dum
407 2253 544 2295 largitor
571 2256 684 2287 veniae

293 2303 468 2336 Immemor
492 2303 631 2335 iniuriae

248 2352 369 2385 Bovem
394 2355 516 2384 mactat
540 2353 733 2396 sagmatum,

249 2401 297 2435 Ut
321 2402 456 2434 redueat
482 2401 689 2434 exturbatum

295 2450 375 2483 Post
402 2450 521 2483 damna
545 2450 757 2483 substantiae.

874 217 930 249 22.

869 718 925 751 23.

868 1222 924 1254 24.

864 1738 921 1770 25.

864 2254 919 2287 26.

957 217 1040 259 Ave,
1067 217 1157 258 virgo
1182 220 1258 258 post
1281 218 1459 259 ingressum

957 265 1065 305 Verbi,
1093 266 1183 306 virgo
1208 269 1282 306 post
1308 274 1471 307 egressum

1002 313 1092 346 Nulli
1118 317 1232 355 patens
1257 314 1388 355 homini,

955 361 1010 394 Sic
1037 364 1070 393 et
1094 362 1170 394 olim
1194 371 1254 404 per
1279 371 1442 395 accessum

952 408 1120 442 Flammae
1128 410 1242 443 rubum
1250 411 1297 442 nil
1304 420 1384 452 perp
1389 420 1494 443 essum

1000 458 1037 490 In
1059 457 1162 499 figura
1178 459 1318 500 memini,

1001 506 1110 539 Verbo
1135 516 1255 547 parans
1279 507 1411 539 Domini

951 553 1074 586 Locum
1100 554 1178 586 viris
1202 554 1411 595 inaccessum,

954 601 1025 634 Nee
1048 602 1097 633 sie
1113 604 1218 635 carnis
1238 606 1287 634 est
1305 604 1493 644 depressum

999 650 1108 683 Decus
1133 655 1243 691 aptum
1269 652 1395 693 virgini.

953 720 1035 760 Ave,
1063 718 1148 750 vitae
1174 720 1227 752 via
1251 722 1348 760 certa,

951 767 1017 799 Per
1029 775 1124 808 quam
1139 767 1259 800 dudum
1273 776 1351 808 gens
1363 768 1492 801 deserta

998 815 1102 848 Laeta
1128 815 1230 848 currit
1253 816 1360 857 hodie,

952 864 1031 897 Cum
1052 863 1116 895 iam
1136 864 1270 906 dragma
1289 865 1332 897 sit
1348 867 1490 907 reperta,

951 912 1012 945 Ovi
1036 911 1148 952 lapsae
1173 913 1216 944 sit
1241 916 1364 954 aperta,

999 961 1098 993 Porta
1123 961 1235 993 domus
1260 962 1379 1003 regiae,

996 1008 1083 1041 Dum
1107 1009 1167 1041 sub
1194 1010 1300 1042 earnis
1325 1009 1435 1051 speeie

948 1057 1056 1089 Patris
1087 1057 1189 1089 virtus
1215 1058 1374 1098 adoperta

947 1104 1089 1138 Nostrae
1113 1108 1233 1138 statum
1259 1110 1309 1138 est
1335 1109 1470 1147 experta

999 1153 1102 1186 Sortis
1126 1159 1157 1186 et
1183 1154 1343 1189 miseriae.

951 1222 1032 1262 Ave,
1059 1230 1119 1261 per
1145 1230 1239 1262 quam
1263 1223 1448 1263 requirendi

949 1271 1080 1303 Vultum
1102 1271 1216 1311 patris,
1244 1279 1337 1311 quem
1355 1270 1485 1314 offendi,

993 1318 1079 1351 Mihi
1106 1319 1202 1351 datur
1224 1320 1326 1360 copia,

949 1368 988 1400 In
1013 1376 1108 1408 quam
1134 1368 1235 1400 solam
1253 1377 1305 1400 me
1321 1369 1487 1410 suspendi,

949 1415 1013 1448 Per
1026 1425 1120 1457 quam
1137 1417 1258 1458 lignum
1276 1416 1490 1459 upprehendi‚

994 1464 1034 1498 In
1060 1473 1122 1505 quo
1148 1464 1186 1497 fit
1209 1464 1350 1506 iustitia3

994 1512 1061 1545 Sub
1087 1514 1202 1546 Iudith
1228 1513 1378 1547 Bethulia

946 1562 1123 1594 Liberatur
1148 1571 1220 1594 eum
1246 1566 1391 1604 tropaeo,

949 1609 1014 1642 Sub
1041 1613 1083 1653 te,
1111 1611 1181 1643 sola
1206 1616 1299 1653 grata
1323 1611 1403 1654 Deo,

997 1660 1170 1700 Consurgit
1195 1660 1343 1694 ecclesia.

947 1737 1028 1778 Ave,
1056 1737 1158 1778 virgo,
1185 1737 1305 1770 munda
1328 1741 1446 1780 mente,

951 1785 1055 1818 Carne
1081 1786 1209 1830 decens,
1237 1796 1256 1818 a
1280 1789 1415 1827 potente

994 1835 1033 1867 In
1061 1839 1157 1867 cantu
1182 1836 1327 1876 angelico

947 1883 1064 1916 Mundi
1089 1887 1185 1924 rapta
1212 1884 1252 1917 de
1278 1887 1422 1917 torrente

948 1932 1046 1965 Velut
1070 1941 1146 1965 area
1170 1936 1387 1974 prosequente

997 1981 1208 2014 Sacerdotum
1236 1982 1370 2025 cantico,

995 2030 1062 2062 Sub
1089 2039 1153 2070 qua
1178 2030 1243 2063 ruit
1266 2030 1403 2073 Iericho,

949 2079 1058 2112 Primo
1083 2079 1194 2120 lapsus
1220 2079 1253 2110 in
1279 2082 1425 2122 parente,

948 2127 999 2159 Ne
1026 2128 1192 2168 demergat
1217 2136 1268 2159 me
1295 2130 1428 2168 repente

995 2175 1137 2208 Torrens
1164 2177 1287 2219 mortis,
1313 2177 1472 2218 supplico.

946 2255 1027 2294 Ave,
1054 2253 1141 2296 Sion,
1168 2263 1260 2286 mons
1284 2254 1430 2296 insignis,

949 2304 1036 2344 Sion,
1063 2302 1097 2334 in
1122 2312 1184 2343 qua
1210 2301 1317 2335 fervet
1340 2304 1424 2345 ignis

995 2351 1147 2384 Caritatis
1172 2351 1298 2393 unicae,

949 2400 1039 2440 Quae
1062 2399 1208 2440 lapillum
1238 2401 1278 2433 de
1302 2404 1336 2434 te
1356 2402 1471 2445 gignis,

947 2449 1140 2491 Figurarum
1169 2450 1289 2483 dudum
1316 2452 1425 2497 signiS,
