1655 2726
769 140 1029 175 -2315—

317 234 437 262 Collect.
464 242 518 261 ms.
545 226 738 269 Pollingense
764 242 841 261 saec.
869 233 913 262 15.
959 235 1032 263 Clm.
1059 237 1214 263 Monacen.
1237 234 1345 264 11741.
1365 237 1401 263 A.
1423 251 1461 255 —
1482 236 1563 264 Orat.

238 281 292 300 ms.
312 272 501 300 Lehninense
521 274 592 300 anni
609 270 691 300 1518.
720 272 791 300 Cod.
805 272 973 300 Berolinen.
987 274 1032 301 IV
1047 272 1093 301 29.
1109 274 1143 301 B.
1163 289 1198 293 -—
1219 274 1425 302 Antidotarius
1439 276 1563 302 Animae

239 312 309 348 imp.
332 319 355 338 s.
371 311 390 338 1.
406 313 437 339 et
451 319 478 338 a.
495 310 526 338 O.
548 325 586 330 —
605 311 667 338 Aus
689 312 771 339 einer
783 311 995 339 Bronnbacher
1011 311 1179 339 Handschr.
1200 320 1277 340 saec.
1293 310 1338 339 15.
1358 313 1407 340 bei
1420 313 1510 340 Mone
1523 313 1563 345 11,

237 347 294 377 263
314 349 343 377 ff.
363 350 401 377 D.

314 398 373 425 Die
396 397 595 426 einleitenden
607 398 701 426 Verse
721 406 777 424 nur
790 397 830 433 Α,
851 394 869 425 3
883 398 980 426 Mater
992 397 1103 426 Christi
1114 407 1239 435 sponsa,
1261 400 1335 426 stati:
1348 398 1454 426 dessen
1468 399 1566 426 haben

237 435 317 464 BCD
337 436 475 474 folgende
493 437 595 470 Vei-se,
617 438 672 464 mit
692 436 787 464 denen
807 435 865 463 Str.
886 434 921 464 51
943 445 982 464 zu
1001 437 1203 474 vei-gleichen:

269 494 309 522 B:
331 493 456 531 Suscipe
476 496 631 528 rosarium,
942 493 1007 523 OD:
1029 494 1155 532 Suscipe
1178 496 1333 529 rosarium,

371 533 477 568 Maria,
498 533 681 567 deauratum,
1064 534 1167 571 Virgo,
1192 534 1374 568 deauratum,

332 572 403 599 Iesu
421 581 475 609 per
495 572 700 609 compendium
1027 573 1097 601 Iesu
1113 582 1165 608 per
1187 573 1390 610 crmpendium

374 611 498 639 Actibus
519 611 699 639 decoratum.
1065 612 1139 640 Vita
1157 612 1336 640 decoratum.

237 666 263 702 2,
288 665 306 696 3
331 669 456 697 celerius
483 669 520 697 D.
552 684 592 688 —
627 667 653 703 2,
674 667 694 697 4
719 669 755 697 In
778 671 882 697 ventre
906 670 943 697 D.
979 684 1017 688 ——
1051 668 1078 704 4,
1101 669 1116 698 1
1144 671 1234 698 Hune
1258 670 1323 706 AB;
1357 670 1458 698 David
1484 672 1562 707 regis

236 707 324 735 BCD.
350 722 387 726 —-
413 706 439 742 5,
463 706 478 734 1
508 710 538 735 et
555 708 631 735 fehlt
651 707 710 736 OD.
737 723 774 727 —
802 706 828 742 6,
852 706 866 735 1
888 708 978 736 Hunc
996 716 1104 745 magno
1131 709 1195 744 AB;
1224 717 1289 736 eum
1309 709 1439 745 tripudio
1460 710 1495 737 A.
1525 724 1563 728 -—

235 745 262 780 7,
286 745 301 773 1
322 748 472 782 pastorem
484 747 529 782 D3
549 746 605 774 lies
618 746 771 774 hominum
786 749 859 774 statt
873 748 1024 774 omnium?
1039 762 1076 766 -
1096 745 1123 782 8,
1140 746 1154 774 1
1172 747 1230 781 Qui
1243 749 1329 774 iuxta
1342 746 1428 775 BCD.
1444 762 1481 766 -—
1502 746 1529 783 9,
1546 746 1561 775 1

237 785 297 812 Hic
318 793 336 812 a
355 786 450 813 tribus
471 785 532 812 AB.
558 800 597 804 -
625 783 668 819 10,
692 783 706 812 1
728 786 818 813 Hune
838 785 886 813 die
905 786 965 813 AB.
993 800 1031 805 -—
1058 784 1101 819 11,
1122 783 1140 813 2
1162 785 1205 813 Ae
1247 788 1330 821 ptum
1349 786 1387 813 D.
1417 801 1455 805 -—
1478 784 1521 821 12,
1546 785 1561 813 1

236 829 327 851 nunc
347 823 384 851 ad
403 824 480 851 festa
497 824 558 851 AB.
579 838 618 843 —
638 822 683 857 12,
698 821 716 852 3
736 824 877 860 templum
899 824 1001 852 adiens
1015 824 1104 852 BCD.
1125 839 1162 844 —
1181 795 1252 859 lgyl
1274 833 1415 851 manuum
1434 833 1562 861 propera

237 863 273 890 D.
302 877 339 881 —
372 860 415 896 14,
439 860 453 889 1
475 862 565 890 Hunc
589 862 725 890 Iordanis
746 863 781 890 A.
811 879 848 883 —
874 861 919 897 14,
940 860 958 891 3
985 864 1105 890 nomine
1133 862 1170 896 0;
1190 862 1232 890 Et
1258 871 1366 899 agnum
1387 863 1445 890 Dei
1466 863 1560 899 digito

237 901 275 928 D.
304 915 342 920 -—-
371 899 415 936 14,
435 899 454 928 4
473 901 578 937 Digito
604 903 781 929 monstravit
801 900 837 937 03
857 901 968 929 Mundo
996 901 1210 929 demonstravit
1227 902 1265 929 D.
1292 916 1330 920 —
1362 900 1406 937 15,
1430 900 1445 929 1
1468 902 1561 936 Quem

236 939 330 967 Satan
349 942 417 975 post
436 940 581 967 ieiunium
603 940 639 967 A.
659 954 698 959 —-
719 938 763 974 15,
785 937 803 967 3
825 939 1011 968 Salvatorem
1031 940 1099 976 CD;
1120 940 1172 967 sed
1191 939 1266 967 fehlt
1284 940 1327 976 D,
1349 940 1407 968 Sed
1429 941 1561 968 salvator

237 979 376 1005 omnium.
398 978 433 1005 A.
459 993 497 997 -
520 976 563 1011 16,
585 976 603 1005 2
624 981 720 1006 mutat
739 979 776 1006 D.
801 993 839 997 —
869 976 912 1013 16,
933 977 952 1006 4
972 978 1126 1006 confirmat
1143 979 1180 1006 D.
1202 993 1239 997 —
1266 976 1311 1013 17,
1334 977 1349 1005 1
1369 980 1401 1007 Is
1422 980 1560 1007 obsessos

236 1018 275 1052 A;
297 1016 431 1053 plurimis
451 1017 489 1044 D.
509 1031 548 1035 —
570 1015 613 1051 17,
635 1014 653 1045 3
675 1018 765 1044 variis
788 1017 824 1044 D.
844 1032 883 1036 -
902 1014 977 1051 18,1
999 1018 1060 1045 Hic
1077 1017 1225 1045 Lazarum
1244 1017 1279 1044 A.
1302 1031 1337 1035 —
1359 1015 1405 1052 20,
1422 1016 1437 1045 1
1459 1018 1560 1045 Huius

236 1055 324 1091 pedes
345 1056 379 1082 A.
406 1071 445 1075 —
469 1053 515 1089 21,
538 1053 552 1082 1
576 1056 635 1090 Qui
662 1056 694 1082 in
714 1058 814 1083 monte
834 1055 942 1083 deforis
963 1056 1000 1082 D.
1027 1072 1059 1077 —
1090 1053 1136 1089 20,
1158 1053 1176 1082 2
1198 1056 1312 1083 Lucide
1331 1055 1561 1092 transfiguratur

235 1094 276 1129 B;
298 1094 356 1128 Qui
379 1093 592 1130 tansfiguratur
613 1093 643 1121 0.
671 1109 704 1113 -
733 1091 778 1127 22,
803 1092 817 1121 1
846 1094 939 1127 Quem
967 1103 1033 1121 eum
1060 1094 1099 1130 B3
1128 1094 1263 1121 celeriter
1289 1092 1325 1121 B.
1353 1109 1391 1113 —
1418 1093 1464 1129 23,
1488 1094 1503 1122 1
1522 1096 1560 1123 In

239 1140 313 1159 cena
337 1133 389 1169 qui
410 1132 476 1167 CD;
497 1132 534 1159 In
561 1140 633 1159 cena
652 1132 702 1159 hic
721 1133 756 1159 A.
780 1147 819 1151 —
839 1130 884 1166 24,
908 1131 923 1160 1
944 1132 980 1159 In
999 1133 1084 1160 horto
1101 1135 1199 1159 mente
1224 1132 1320 1168 ACD3
1343 1133 1402 1167 Qui
1421 1135 1453 1161 in
1473 1133 1559 1161 horto

238 1173 337 1198 mente
350 1171 433 1198 B.—
454 1168 501 1204 24,
519 1168 537 1197 2
553 1170 672 1198 Prolixe
692 1171 743 1206 qui
765 1171 863 1198 oravit
881 1171 917 1198 D.
939 1186 976 1190 —
997 1169 1042 1205 26,
1066 1169 1080 1198 1
1100 1171 1224 1198 Vultum
1243 1172 1328 1199 ouius
1350 1171 1414 1207 CD;
1435 1172 1559 1200 Vultum

239 1209 302 1236 eius
329 1209 364 1236 A.
391 1223 429 1227 —
455 1206 500 1242 27,
523 1207 538 1236 1
558 1209 649 1236 Hunc
668 1207 760 1236 Pilati
774 1209 809 1236 A.
830 1224 868 1228 ——
887 1207 932 1243 27,
955 1207 973 1236 2
994 1209 1173 1237 Damnatum
1193 1210 1227 1237 A.
1255 1224 1293 1228 —
1318 1207 1364 1244 28,
1388 1208 1403 1237 1
1422 1210 1515 1244 Quem
1541 1219 1560 1238 a

237 1247 357 1275 Iudaeis
378 1248 418 1280 Β;
443 1247 562 1275 Iudaeis
589 1247 751 1276 exhibitum
772 1247 809 1274 D.
843 1263 880 1267 —
909 1245 955 1281 28,
977 1245 995 1274 2
1014 1247 1148 1275 Herodes
1176 1248 1255 1276 hunc
1274 1249 1312 1283 A;
1334 1248 1469 1277 Herodes
1490 1250 1561 1277 hinc

240 1286 276 1313 D.
297 1302 331 1306 —
361 1284 407 1321 29,
430 1284 445 1312 1
467 1286 561 1319 Quem
584 1285 719 1312 indutum
745 1284 839 1320 BCD3
864 1285 919 1313 lies
944 1286 1097 1313 vielleicht
1123 1286 1216 1320 Quem
1247 1286 1384 1314 indutum
1410 1297 1560 1324 purpurea

237 1322 300 1358 (sel.
321 1322 432 1359 veste)?
453 1324 504 1351 cfr.
524 1324 618 1352 Reim.
639 1338 677 1342 —
697 1321 743 1357 30,
760 1322 774 1351 1
797 1323 885 1351 Hunc
908 1324 1075 1352 confossum
1094 1324 1134 1360 A;
1157 1325 1250 1359 Quem
1271 1327 1453 1353 conscissum
1466 1327 1504 1354 D.
1524 1341 1558 1346 -—

239 1360 285 1396 30,
305 1361 325 1390 4
349 1362 551 1390 deelamarunt
575 1362 613 1390 D.
641 1376 678 1380 -—
705 1359 751 1397 31,
775 1360 790 1389 1
818 1360 860 1390 Ut
882 1371 965 1390 reum
991 1371 1077 1398 quem
1099 1363 1164 1398 CD;
1184 1364 1228 1392 Ut
1252 1372 1335 1391 reum
1359 1364 1439 1392 hunc.
1458 1365 1493 1392 A.
1521 1380 1559 1384 —

238 1398 285 1435 31,
300 1399 319 1428 2
337 1401 453 1428 Pilatus
474 1409 560 1437 quem
582 1400 735 1427 damnavit
753 1401 790 1428 D.
812 1417 849 1421 —
870 1398 915 1434 32,
933 1399 948 1428 1
970 1400 1063 1434 Quem
1084 1401 1241 1430 Calvariae
1253 1402 1293 1438 B,
1309 1402 1466 1431 Calvariae
1480 1403 1559 1432 hune

238 1440 273 1466 A.
296 1454 334 1459 —-
354 1437 402 1475 33,
426 1437 440 1466 1
463 1438 521 1472 Qui
541 1447 594 1475 pro
616 1440 677 1466 suis
698 1439 731 1466 B.
753 1453 790 1457 -
812 1436 857 1473 33,
879 1437 897 1466 2
916 1439 1036 1467 Attente
1056 1439 1106 1467 hic
1125 1443 1263 1476 precatur
1282 1442 1397 1469 ABCD.
1414 1456 1454 1460 —
1472 1440 1519 1477 34,
1542 1441 1557 1470 1

240 1478 298 1511 Qui
325 1478 437 1505 latroni
457 1477 547 1505 BCD.
573 1495 611 1497 -—
640 1475 686 1510 35,
709 1476 724 1504 1
745 1477 805 1504 Hic
827 1477 956 1505 Iohanni
975 1478 1011 1506 A.
1031 1493 1070 1497 —
1095 1475 1141 1512 36,
1171 1477 1186 1506 1
1213 1480 1250 1507 ab
1280 1481 1416 1508 omnibus
1439 1480 1500 1509 01).
1520 1496 1559 1500 -

240 1514 285 1550 36,
307 1514 325 1543 2
345 1517 408 1544 Deo
430 1517 508 1551 patri
528 1516 705 1551 querebatur
724 1515 758 1543 B.
779 1530 817 1534 —
837 1513 883 1550 36,
904 1514 923 1543 4
942 1516 1204 1553 blasphemabatur
1222 1518 1261 1546 D.
1280 1533 1317 1537 —
1332 1516 1377 1553 37,
1401 1517 1416 1546 1
1437 1520 1468 1547 Is
1490 1520 1558 1548 dum

238 1556 273 1582 A.
300 1569 338 1573 -
358 1552 404 1588 38,
426 1553 443 1580 2
465 1554 646 1582 Consumens
668 1553 730 1582 OD.
756 1569 794 1572 —
811 1552 857 1588 39,
879 1553 894 1581 1
919 1555 977 1588 Qui
996 1556 1029 1582 in
1048 1564 1153 1584 manus·
1173 1557 1207 1584 B.
1232 1572 1270 1576 —
1290 1555 1336 1591 39,
1353 1556 1373 1585 4
1389 1558 1557 1587 dolorosum

237 1594 273 1621 A.
293 1609 331 1613 —
350 1591 397 1629 40,
422 1591 436 1620 1
459 1593 517 1626 Qui
536 1594 631 1620 erucis
651 1593 684 1621 B.
705 1607 742 1611 —
762 1591 809 1627 41,
827 1592 840 1620 1
864 1593 955 1621 Cuius
975 1594 1094 1622 satelles
1115 1595 1238 1622 Domini
1258 1596 1291 1623 B.
1312 1611 1350 1615 —
1370 1595 1417 1631 41,
1433 1595 1451 1624 2
1464 1598 1559 1625 Latus

238 1632 342 1660 lancea
365 1631 526 1667 perforavit
544 1631 578 1658 B.
598 1646 636 1650 —
655 1629 702 1665 41,
717 1629 735 1659 3
754 1631 796 1659 Et
815 1640 894 1667 aqua
911 1633 1014 1660 iuncta
1032 1633 1066 1660 B.
1085 1648 1124 1652 —
1136 1631 1183 1668 42,
1200 1632 1215 1661 1
1230 1635 1329 1662 Huius
1350 1644 1457 1672 corpus
1470 1637 1506 1664 A.
1520 1651 1560 1655 —

236 1668 283 1704 43,
304 1669 325 1698 4
342 1670 385 1698 Et
405 1670 567 1706 discipulos
593 1670 631 1705 B;
657 1670 889 1706 Discipulosque
910 1670 971 1700 01).
1003 1686 1042 1689 -
1069 1670 1116 1706 44,
1139 1670 1154 1699 1
1181 1672 1279 1709 Supra
1303 1675 1348 1710 A;
1380 1675 1438 1709 Qui
1469 1683 1558 1711 super

238 1709 272 1736 Β.
293 1723 330 1728 -
353 1707 399 1743 44,
420 1706 439 1736 3
466 1709 504 1736 ad
527 1709 621 1744 patris
652 1708 800 1736 dexteram
820 1709 854 1736 B.
876 1723 911 1727 —
932 1708 978 1743 44,
1000 1708 1020 1737 4
1039 1710 1129 1738 Sedet
1146 1711 1277 1747 gloriose
1298 1712 1335 1740 A.
1355 1728 1394 1733 —
1413 1712 1460 1748 45,
1486 1712 1500 1741 1
1521 1714 1558 1742 In

238 1750 423 1783 pentecostes
443 1748 484 1783 A;
506 1749 691 1783 pentecostes
711 1748 808 1783 ipsum
829 1747 866 1775 D.
894 1762 933 1766 —
951 1746 998 1782 45,
1019 1747 1038 1776 4
1057 1750 1127 1777 Rite
1147 1752 1182 1777 ut
1200 1752 1340 1785 promisit
1357 1752 1391 1780 B.
1412 1767 1451 1771 —
1470 1750 1517 1787 46,
1539 1751 1558 1780 2

237 1786 377 1814 Potenter
398 1785 458 1814 01).
478 1800 517 1804 —
544 1783 591 1820 46,
612 1783 630 1813 3
649 1786 692 1813 Et
719 1785 757 1813 ad
779 1794 863 1813 suam
891 1786 1040 1814 dexteram
1059 1787 1094 1815 B.
1121 1803 1159 1807 —
1178 1787 1226 1823 46,
1246 1787 1267 1816 4
1291 1790 1436 1819 Recenter
1461 1792 1496 1819 A.
1518 1807 1558 1810 —

237 1823 284 1859 47,
307 1822 322 1852 1
345 1825 403 1859 Qui
422 1826 542 1861 propter
564 1825 597 1852 B.
618 1839 656 1844 —-
675 1823 722 1858 47,
737 1821 756 1850 2
777 1825 835 1859 Qui
856 1824 931 1852 fehlt
948 1825 987 1861 B;
1001 1826 1062 1853 Hic
1080 1826 1170 1854 iudex
1190 1830 1235 1855 est
1254 1829 1289 1855 A.
1302 1844 1341 1847 —
1354 1827 1400 1864 47,
1415 1828 1435 1858 4
1449 1829 1559 1859 Striete

237 1863 423 1891 discussurus
443 1863 479 1890 A.
499 1879 537 1883 —
556 1860 603 1898 48,
626 1861 641 1890 1
662 1863 737 1890 Dira
756 1864 782 1890 is
804 1863 951 1899 supplicia
970 1864 1011 1899 A,
1035 1864 1093 1898 Qui
1112 1865 1177 1893 dira
1197 1866 1231 1893 B.
1253 1882 1288 1886 —
1309 1865 1357 1902 48,
1372 1865 1390 1895 2
1409 1868 1558 1905 Reprobis

237 1904 283 1929 est
301 1903 334 1930 Β.
355 1918 394 1922 -
419 1900 466 1936 48,
486 1900 506 1929 4
525 1902 723 1929 collocaturus
743 1902 783 1937 A3
805 1905 850 1929 est
870 1902 1031 1930 collaturus
1053 1904 1086 1931 Β.
1112 1918 1150 1923 —
1171 1904 1229 1932 Str.
1249 1904 1287 1933 49
1307 1906 1383 1934 fehlt
1404 1907 1493 1935 ACD.
1519 1925 1558 1929 —

235 1938 281 1976 50,
304 1939 322 1969 3
347 1941 417 1968 Iesu
445 1939 561 1968 Christe
588 1939 648 1968 OD.
673 1955 711 1959 —
736 1939 794 1968 Str.
819 1939 855 1968 51
881 1940 956 1968 fehlt
981 1940 1068 1969 BCD.
1094 1957 1132 1961 —
1157 1943 1206 1971 Da
1225 1943 1283 1972 Str.
1311 1943 1348 1973 50
1376 1946 1468 1974 sehon
1491 1948 1558 1975 eine

236 1979 489 2015 SehJussstrophe,
514 1979 630 2007 scheint
653 1979 729 2006 noch
754 1980 820 2007 eine
845 1978 973 2015 Strophe
1000 1988 1039 2007 an
1066 1980 1176 2009 diesem
1201 1982 1359 2012 Rosarium
1385 1994 1423 2012 zu
1446 1985 1555 2014 fehlen.

238 2019 296 2046 Mit
314 2018 483 2046 demselben
498 2019 539 2045 ist
558 2019 660 2046 weiter
678 2018 754 2045 oben
767 2018 819 2046 ΝΥ.
833 2018 879 2045 ΙΠ
898 2027 937 2046 zu
955 2018 1154 2055 vergleichen,
1174 2021 1301 2050 welches
1314 2023 1445 2060 Vorlage
1459 2025 1556 2053 dieses

234 2057 407 2085 Rosariums
431 2057 479 2085 ist.
