1655 2726
672 132 906 169 *69-

137 231 192 265 59.
222 229 346 270 Gaude,
374 231 475 275 virgo,
503 241 598 273 quam
622 231 757 265 decorus
833 234 888 266 66.
918 232 1039 275 Gaude,
1065 234 1166 274 prolis
1192 233 1390 266 reverendae

219 279 390 312 Beatorum
419 279 497 312 colit
521 280 646 312 choruS.
912 282 1030 322 Mater,
1058 282 1182 314 miseris
1206 283 1351 325 intende,

266 329 375 368 Atque
400 336 528 369 semper
552 328 684 369 recolet,
963 330 1074 363 Nostri
1100 340 1161 363 vox
1187 331 1380 371 precaminis

218 375 391 409 Dominica
412 379 480 408 stas
503 377 537 408 in
564 376 670 418 domo,
915 377 1019 411 Tuum
1045 380 1167 420 expetit
1192 387 1367 421 assensum,

221 424 310 463 Quae
336 424 468 457 caelesti
494 425 694 458 cinnamomo
914 426 1027 468 Dirige
1051 427 1136 459 hanc
1159 430 1195 460 ut
1218 428 1382 460 incensum

268 473 484 514 Balsamoque
509 473 645 506 redolet.
960 475 998 509 In
1025 479 1198 515 conspectu
1222 475 1370 508 numinis.

137 562 193 594 60.
221 560 347 600 Gaude,
375 569 513 602 regnans
531 562 562 593 in
582 563 758 602 aeternum,
832 562 886 595 67.
915 560 1039 604 Gaude,
1054 571 1154 604 virgo,
1170 563 1254 602 quod
1268 563 1448 603 prophetae

222 610 334 642 Rectis
361 610 459 642 eorde
483 619 543 650 per
567 609 730 641 internum
915 610 1152 644 Praedixeruut
1175 611 1252 643 olim
1277 611 1317 643 de
1342 614 1384 651 te,

268 659 429 691 Favorem
455 658 634 697 mitissima,
962 659 1030 691 Iam
1056 658 1174 691 factum
1202 659 1421 700 considerans,

224 706 312 746 Quae
338 707 466 739 domino
493 706 704 747 dominorum,
917 706 986 740 Nos
1011 706 1153 739 moribus
1179 716 1258 740 orna
1283 708 1413 749 sanctis,

221 754 292 788 Deo
318 756 428 796 utique
456 754 597 798 deorum,
915 755 964 788 De
989 756 1102 796 laqueo
1128 755 1314 788 tribulantis

272 804 345 837 Stas
371 806 404 836 in
432 804 529 836 caelis
554 803 712 846 proxima.
964 804 1011 837 Te
1035 807 1206 844 precantes
1231 803 1384 837 liberanS.

142 893 197 926 61.
226 890 351 934 Gaude,
380 891 477 923 decus
504 890 669 934 virginale,
835 892 888 925 68.
918 892 1041 929 Gaude,
1061 900 1183 924 summo
1203 890 1313 923 fruens
1332 889 1449 932 fructu,

223 939 275 971 De
299 940 407 972 medio
431 939 535 971 nostri
559 940 646 971 male
914 940 984 972 Tuo
1009 943 1218 981 prosperetur
1245 940 1342 972 ductu

272 988 450 1021 Hortantes
476 987 662 1029 extermina,
962 988 1084 1020 Nostra
1109 988 1298 1029 obsecratio,

224 1035 274 1069 Ne
299 1036 425 1068 insulae
449 1034 589 1067 nationis
916 1035 963 1069 Ut
987 1045 1045 1067 rex
1069 1045 1128 1069 nos
1152 1036 1352 1068 iudicaturus

222 1085 331 1118 Instar
355 1085 442 1116 intra
467 1083 634 1115 Babilonis
914 1084 1102 1116 Iudicandis
1128 1093 1191 1116 non
1216 1085 1259 1116 sit
1284 1084 1383 1117 durus

271 1132 339 1165 Nos
366 1133 554 1172 demergant
578 1129 719 1164 flumina.
963 1131 1068 1164 Nimis
1093 1132 1126 1163 in
1151 1132 1281 1165 iudicio.

141 1221 197 1255 62.
226 1219 350 1263 Gaude,
377 1222 491 1258 mater,
517 1219 701 1251 interventu
834 1220 888 1253 69.
917 1218 1040 1260 Gaude,
1068 1219 1185 1250 victrix
1210 1218 1342 1259 inimici,

222 1268 292 1301 Tuo
315 1267 373 1300 fiat
399 1271 431 1299 et
456 1267 599 1309 obtentu,
917 1266 1047 1300 Cunctis
1075 1267 1173 1307 digna
1197 1266 1346 1299 benedici

272 1317 318 1350 Ut
344 1325 414 1350 cum
441 1317 560 1349 sanctis
586 1315 732 1348 omnibus
963 1314 1260 1357 Benedictionibus,

224 1365 263 1399 In
290 1367 466 1406 conspectu
491 1364 678 1405 angelorum
918 1364 1005 1403 Quae
1031 1363 1144 1405 angelo
1171 1363 1340 1395 credidisti

224 1415 367 1448 Psallam
392 1412 532 1446 Domino
558 1413 720 1445 caelorum
915 1412 961 1445 Et
986 1412 1138 1453 gaudium
1162 1412 1321 1453 peperisti

272 1462 424 1495 Gaudens
450 1463 484 1494 in
512 1460 714 1494 caelestibus.
965 1459 1131 1494 Creaturis
1158 1460 1315 1493 omnibus.

137 1552 193 1586 63.
221 1550 347 1590 Gaude,
372 1550 475 1593 virgo⁷
499 1558 592 1590 quam
610 1548 761 1590 probavit
834 1550 888 1582 70.
918 1548 1041 1591 Gaude,
1071 1548 1174 1580 dulcis
1200 1548 1272 1588 lyra
1296 1547 1382 1588 meli,

221 1599 266 1633 Et
292 1599 462 1640 probatam
488 1597 661 1631 adornavit
917 1597 1025 1629 Decor
1051 1597 1153 1630 Saron
1179 1598 1211 1628 et
1237 1596 1386 1636 Carmeli,

271 1649 405 1682 Honore
430 1647 585 1689 angelico,
966 1645 1126 1678 Diadema
1150 1645 1284 1685 regium,

224 1697 285 1736 Qui
313 1696 352 1729 de
378 1697 472 1737 longe
495 1697 610 1728 cuncta
627 1703 761 1727 cernens
917 1695 964 1727 Te
988 1694 1100 1726 laudet
1123 1693 1157 1725 in
1184 1692 1398 1732 decachordo,

221 1745 296 1788 Gor,
314 1748 349 1777 ut
364 1746 467 1786 decet,
483 1744 593 1776 mundi
606 1752 762 1785 spernens
917 1742 1080 1776 Psalterio
1106 1743 1209 1775 omnis
1236 1741 1316 1774 ordo

270 1794 364 1827 Dono
391 1793 474 1827 ditat
501 1792 632 1826 caelico.
967 1791 1037 1824 Deo
1064 1790 1282 1824 servientium.

132 1884 190 1918 64.
221 1879 365 1928 mande,
391 1881 474 1914 sella
498 1881 663 1922 salutaris,
836 1881 891 1914 71.
919 1879 1045 1921 Gaude,
1070 1878 1172 1919 virgo,
1198 1876 1257 1910 flos
1282 1877 1411 1922 regalis,

222 1931 312 1966 Caeli
338 1931 504 1973 splendor,
532 1931 589 1962 lux
614 1929 742 1971 solariS,
919 1928 1032 1961 Gloria
1057 1926 1281 1967 sacerdotalis,

270 1979 405 2012 Animos
431 1979 628 2019 illuminans,
965 1976 1085 2009 Tribus
1111 1984 1237 2017 gemma
1261 1975 1416 2018 geminae,

217 2029 268 2062 De
296 2027 431 2061 latebris
456 2027 673 2070 temptatoriS,
918 2026 957 2058 In
982 2025 1102 2057 saeculi
1125 2024 1218 2056 huius
1244 2022 1328 2056 freto

220 2077 382 2111 Vanitatis
410 2079 443 2108 et
469 2076 588 2109 erroris
919 2074 1025 2107 Corde
1050 2073 1161 2114 vigens
1187 2080 1315 2113 semper
1340 2071 1425 2105 freto

268 2125 437 2159 Tenebras
461 2121 659 2166 eliminans]
965 2122 1117 2155 Numinis
1141 2122 1309 2154 solamine.

137 2226 193 2260 65.
222 2224 348 2266 Gaude,
376 2223 467 2256 cuius
493 2223 569 2263 paci
594 2229 704 2254 merae
835 2222 890 2254 ¹72.
918 2220 1058 2262 [Gaude,
1088 2219 1185 2251 decus
1209 2216 1272 2249 Dei
1297 2215 1423 2261 florum,

217 2273 340 2313 Nequit
365 2272 517 2312 improba
541 2279 660 2304 nocere
918 2269 1009 2304 Caeli
1034 2268 1132 2306 scala,
1159 2265 1231 2298 fons
1256 2266 1434 2309 hortorum,

262 2321 426 2354 Malorum
450 2321 586 2361 malitia,
965 2317 1076 2349 Nubes
1101 2314 1223 2356 absque
1247 2314 1369 2359 nubilo,

218 2370 280 2411 Qui
305 2378 366 2411 per
393 2370 501 2403 cordis
527 2369 725 2410 pravitatem
917 2366 1022 2406 Regni
1047 2364 1150 2406 gloria
1175 2364 1336 2406 caelestis,

219 2419 373 2460 Cogitant
398 2418 603 2460 iniquitatem
918 2415 1040 2457 Virtus,
1067 2413 1186 2445 victrix
1212 2413 1303 2446 dirae
1327 2414 1439 2459 pestis,

270 2467 507 2509 Concitantque
532 2467 672 2508 proelia.
967 2462 1064 2496 Cuius
1090 2462 1184 2495 sedes
1211 2459 1347 2508 aquilo.]
