1655 2726
135 215 194 247 44.

136 536 193 569 45.

133 857 190 889 46.

222 216 303 257 Ave,
330 214 431 257 virgo,
460 216 549 249 cuius
574 221 669 249 natus

215 263 279 296 Est
304 272 344 295 ex
367 272 463 297 servo
491 273 549 297 rex
575 268 712 308 creatus,

219 311 297 345 Cum
315 315 392 352 post
409 314 546 345 mortem
565 318 616 347 est
627 316 760 346 renatus

218 360 273 392 llli
298 360 391 400 regni
415 361 630 401 principatus,

215 408 253 440 In
280 417 341 449 quo
369 408 491 441 dudum
516 409 678 442 iudicatus

266 456 377 489 Novus
403 457 503 490 iudex
529 458 662 490 iudicet.

222 536 305 576 Ave,
334 534 422 576 virgo
448 538 584 576 tangens
611 536 745 577 caelum,

217 583 374 615 Fructum
401 581 510 615 ferens
535 584 624 616 intra
641 584 759 623 velum,

215 631 275 672 Qui
300 631 441 664 Iudaeae
465 640 580 672 passus
606 632 710 664 zelum

216 680 299 712 Fert
323 680 444 713 iniuste
468 681 582 712 mortis
609 680 717 723 telum,

217 728 265 762 Ut
291 729 480 761 transducat
505 729 553 761 sic
579 730 736 762 camelum

267 777 329 810 Per
354 776 502 810 foramen
527 778 651 811 lateris.

217 856 298 895 Ave,
326 863 386 897 per
412 864 508 895 quam
535 855 735 897 delinquenti

215 904 327 936 Parcit
352 904 443 945 virga
469 904 665 946 testamenti,

214 952 299 984 Dum
326 952 440 985 ardori
466 953 607 985 venienti

216 1000 334 1033 Rorem
359 1000 473 1043 infers,
499 1001 533 1032 in
558 1010 621 1042 quo
647 1001 735 1041 genti

215 1049 362 1090 Regnum
387 1050 505 1089 pandit
528 1050 705 1081 revertenti

261 1098 388 1131 Auctor
413 1098 488 1131 novi
515 1096 667 1132 foederis.

835 218 891 250 47.
919 216 1045 261 Gaude,
1059 220 1159 258 terra,
1176 217 1310 258 caelum,
1325 216 1456 258 plaude,

918 265 1015 298 Venit
1037 266 1136 299 iudex
1164 266 1278 306 dignus
1305 265 1412 305 laude,

917 313 975 347 Cui
1003 314 1149 347 delusum
1177 322 1272 347 caeca
1298 312 1413 347 fraude

915 362 1020 395 Reum
1042 363 1150 403 solvit,
1177 371 1253 404 ergo
1280 363 1394 404 gaude,

915 410 1009 442 Felix
1036 411 1141 454 homo,
1171 411 1224 443 dic
1250 413 1283 442 et
1308 411 1403 453 aude,

963 458 1042 491 Dic:
1070 468 1140 501 ave,
1166 459 1237 491 laus
1265 459 1434 499 virginum.

885 560 892 567 .
919 537 1001 576 Ave,
1027 544 1088 576 per
1113 545 1207 577 quam
1233 537 1288 568 lux
1312 535 1432 575 illuxit,

914 585 1018 624 Quam
1041 592 1183 624 superna
1207 585 1264 616 lux
1289 583 1433 625 reduxit,

917 633 941 666 O
969 640 1063 672 quam
1090 630 1179 672 felix,
1209 633 1249 664 de
1275 641 1338 673 qua
1363 632 1450 664 suxit

918 681 1035 713 Potum
1060 681 1164 721 lactis,
1194 681 1247 722 qui
1275 680 1435 713 destruxit

918 729 1068 763 Claustra
1094 729 1219 770 mortis,
1245 728 1301 761 ubi
1324 729 1409 762 luxit

964 778 1030 811 Diu
1052 787 1150 819 genus
1176 777 1350 811 hominum.

882 884 889 891 ,
917 857 998 900 Ave,
1025 855 1147 896 lignum
1172 855 1418 895 incombustum,

917 904 998 937 Visu
1023 904 1195 944 pulchrum
1220 908 1252 936 et
1279 907 1457 945 venustum,

914 953 1053 993 Lignum
1062 953 1175 985 mortis
1184 953 1308 993 pellens
1318 956 1457 992 gustum,

916 1001 1001 1033 Dum
1028 1001 1166 1033 dilectus
1192 1010 1283 1033 suum
1309 1001 1427 1032 iustum

916 1049 1086 1082 Revelavit
1111 1058 1171 1089 per
1191 1052 1360 1090 angustum

962 1098 1024 1130 Tui
1053 1098 1173 1131 ventris
1200 1097 1334 1130 aditum.

483 1176 538 1209 50.
566 1175 648 1219 Ave,
675 1176 810 1208 thronus
836 1175 913 1208 novi
936 1176 1032 1216 regis,

565 1223 615 1257 Tu
642 1224 790 1257 columna
814 1233 917 1257 novae
941 1224 1032 1267 legis,
1093 1237 1096 1240 ·

566 1272 657 1312 Quae
676 1274 736 1306 sub
761 1272 848 1305 nube
874 1273 976 1306 solem
1000 1273 1094 1315 tegis,

565 1320 616 1354 De
641 1325 674 1354 te
700 1322 816 1354 ductor
841 1321 890 1354 sui
916 1322 1022 1364 gregis

566 1369 686 1402 Vocem
712 1370 778 1403 suis
805 1378 891 1403 nunc
916 1370 1048 1410 collegis

611 1419 679 1452 Dat
703 1427 764 1460 per
788 1419 1000 1460 unigenitum.

531 1506 687 1538 Tertia
711 1506 1038 1548 Quinquagena.

181 1601 187 1608 .
215 1575 298 1616 Ave,
324 1574 407 1607 lucis
431 1574 495 1607 iter
519 1576 654 1616 rectum,

215 1623 285 1655 Iter
312 1623 433 1656 ducens
458 1624 501 1655 ad
528 1623 691 1663 dilectum,

216 1671 316 1704 Porta
344 1672 434 1716 caeli,
464 1680 545 1713 quae
569 1672 749 1713 proiectum

215 1720 314 1762 Regis
342 1721 432 1753 ducis
458 1721 501 1753 ad
527 1722 746 1763 conspectum,

215 1768 313 1808 Quem
337 1771 508 1810 Aegyptus
534 1769 588 1801 hie
603 1768 758 1801 infectum

264 1818 329 1851 Sua
354 1821 445 1850 tenet
469 1818 574 1858 palea.

181 1912 190 1921 .
216 1886 298 1924 Ave,
328 1886 381 1918 via
406 1887 476 1920 Deo
502 1888 588 1930 nota,

214 1934 298 1968 Tota
324 1936 454 1976 decens,
481 1935 621 1976 pulchra
646 1937 725 1976 tota,

216 1984 262 2017 Ut
288 1984 436 2017 columba
461 1984 547 2016 lacte
575 1985 652 2026 lota,

217 2032 281 2065 Per
294 2042 389 2073 quam
405 2034 508 2066 currit
520 2033 616 2074 plebs
632 2034 758 2075 devota,

216 2082 280 2115 Per
307 2091 403 2122 quam
427 2083 527 2115 intrat
554 2083 621 2116 iam
645 2085 753 2115 amota

265 2130 415 2164 Paradisi
440 2131 606 2173 romphea.

181 2237 189 2244 .
216 2210 297 2250 Ave,
325 2219 386 2250 per
409 2219 505 2252 quam
531 2208 679 2242 misereri

215 2257 292 2292 Sion
318 2260 371 2294 via
396 2259 487 2293 venit
510 2259 589 2299 veri,

215 2308 262 2341 Ut
284 2308 350 2340 iam
376 2308 481 2348 possit
506 2308 575 2341 ovis
603 2307 726 2348 quaeri,

212 2356 358 2399 Dragma
383 2357 481 2390 reddi
506 2356 635 2389 mulieri

213 2405 260 2439 Et
284 2407 316 2438 in
343 2409 419 2439 nata
446 2405 608 2438 removeri

264 2455 416 2488 Parentis
444 2454 667 2495 opprobrium.

857 1577 890 1608 4.
919 1577 1000 1614 Ave,
1026 1575 1118 1605 terra
1144 1574 1269 1605 caelum
1294 1572 1393 1615 facta,

915 1623 954 1655 In
980 1631 1043 1663 qua
1069 1622 1152 1654 caeli
1178 1621 1234 1654 lux
1260 1624 1427 1654 contracta

917 1670 1033 1703 Sedem
1060 1669 1139 1702 fecit
1164 1673 1196 1702 te
1220 1670 1353 1713 intacta,

917 1718 982 1752 Per
1006 1723 1040 1752 te
1065 1720 1178 1752 mortis
1203 1719 1276 1760 lege
1299 1718 1417 1763 fracta,

917 1769 1016 1801 Porta
1042 1768 1128 1800 vitae
1154 1767 1320 1808 patefacta

966 1816 1150 1849 introducit
1176 1816 1314 1850 devium.

882 1910 890 1918 .
916 1886 998 1926 Ave,
1024 1885 1102 1917 luna
1128 1885 1196 1917 sole
1219 1885 1326 1929 plena,

916 1935 979 1967 Per
1011 1942 1106 1975 quam
1133 1931 1225 1965 fulsit-
1249 1934 1307 1966 lux
1331 1941 1457 1974 serena,

915 1983 1003 2023 Quae
1030 1982 1158 2015 devicta
1183 1981 1297 2014 mortis
1322 1990 1428 2022 poena

917 2032 1003 2064 Reos
1029 2031 1128 2064 solvit
1154 2031 1194 2063 de
1221 2033 1343 2072 catena,

916 2081 1001 2121 Quos
1026 2081 1060 2112 in
1088 2080 1182 2112 domo
1208 2080 1314 2111 aliena

966 2129 1122 2169 Princeps
1147 2128 1261 2161 mortis
1286 2128 1455 2161 clauserat.

881 2233 890 2243 .
915 2210 997 2250 Ave,
1025 2207 1127 2240 nubes
1153 2215 1250 2238 verae
1274 2205 1366 2247 lucis,

915 2257 1024 2298 Digna
1049 2258 1154 2288 mater
1180 2254 1269 2296 digni
1296 2255 1395 2300 ducis,

919 2305 984 2338 Sub
1009 2313 1069 2346 quo
1091 2307 1162 2336 tuos
1180 2303 1257 2336 hinc
1274 2305 1457 2337 transducis

917 2354 983 2386 Per
1008 2353 1189 2386 columnam
1214 2361 1291 2385 suae
1317 2355 1421 2386 crucis

917 2403 1040 2436 Fracta
1061 2405 1146 2434 testa
1170 2410 1274 2435 novae
1298 2403 1400 2446 nucis,

965 2451 1066 2490 Quam
1092 2452 1192 2492 stirps
1210 2451 1298 2484 lesse
1315 2450 1457 2486 fuderat.
