1655 2726
251 238 308 271 45.

250 548 306 579 46.

249 854 305 886 47.

775 139 1012 174 -73-

335 238 417 280 Ave,
445 247 537 278 quam
563 237 704 269 sacravit
727 236 816 278 signo

335 286 510 328 Castitatis,
538 286 591 326 qui
617 295 636 317 a
659 285 746 326 ligno

382 334 541 375 Regnavit
565 342 624 374 pro
651 332 809 375 gentibus,

337 383 397 422 Qui
425 383 498 415 dum
526 382 614 413 venit
637 381 782 413 iudicare

335 431 463 473 Orbem,
491 430 569 462 velit
592 429 769 470 adgregare

382 479 444 512 Per
469 481 501 510 te
525 487 583 510 nos
609 477 831 519 gaudentibus,

333 547 413 586 Ave,
441 546 529 577 clara
555 546 635 577 caeli
657 548 761 585 porta,

334 595 398 627 Per
421 603 513 634 quam
539 593 632 625 iustis
657 593 712 625 lux
731 595 780 624 est
797 596 868 625 orta

381 642 553 682 Rectisque
576 641 710 682 laetitia,

334 691 371 723 In
398 694 430 722 te
452 690 528 721 iusti
553 690 763 730 gratulentur,

337 738 526 770 Peccatores
553 737 764 769 emundentur

381 786 473 819 Omni
499 795 518 817 a
541 786 674 817 malitia.

332 854 413 893 Ave,
440 853 590 885 salutaris
615 856 728 893 mater,

332 901 424 942 Quod
450 901 573 933 revelat
597 900 685 933 Deus
710 903 802 941 pater

379 950 467 981 Ante
492 949 613 980 vultum
639 950 792 990 gentium,

333 997 421 1029 Tuae
446 1005 572 1037 semper
597 997 770 1029 recordare

332 1043 468 1077 Pietatis
495 1049 527 1076 et
551 1046 657 1077 solare

382 1093 489 1127 Corda
514 1096 547 1125 te
573 1093 762 1127 canentium.

942 237 998 269 48.
1024 236 1105 276 Ave,
1132 244 1191 275 per
1216 245 1308 276 quam
1335 233 1414 266 vicit
1437 236 1543 266 atrum

1023 283 1110 316 Deus
1135 284 1223 316 iuxta
1246 278 1409 329 [verbum]
1427 285 1554 322 patrum

1073 331 1184 364 Carnis
1209 332 1240 364 in
1270 331 1434 374 velamine,

1024 380 1213 413 Invocantes
1238 383 1270 412 te
1295 380 1415 421 audito,

1023 428 1048 461 O
1073 428 1190 472 Maria,
1219 431 1250 460 et
1274 428 1395 460 munito

1070 476 1279 509 Sacrosancto
1304 475 1441 510 flamine.

988 570 995 577 .
1022 544 1102 585 Ave,
1138 553 1218 585 quae
1246 544 1409 576 exsultans
1436 526 1555 576 Christi

1022 593 1058 625 ln
1088 595 1259 632 conspeetu
1284 592 1426 623 introisti

1070 640 1183 673 Cordis
1208 650 1267 681 per
1291 640 1491 683 munditiam,

1021 688 1089 721 Nos
1114 689 1251 721 scientes
1272 689 1376 730 ipsum
1405 688 1505 720 Deum

1021 737 1137 769 Verum
1165 745 1235 769 esse
1261 737 1322 769 due
1347 737 1389 768 ad
1416 746 1486 768 eum

1070 785 1183 818 Carnis
1210 788 1283 825 post
1308 785 1464 817 militiam.

986 880 992 886 .
1019 853 1100 893 Ave,
1129 852 1240 884 domus
1266 852 1339 893 puri
1366 853 1483 896 cordis,

1019 901 1057 933 In
1083 910 1145 941 qua
1171 901 1237 933 doli
1263 901 1330 933 sive
1356 902 1461 934 sordis

1069 949 1167 981 Nulla
1192 947 1254 981 fuit
1277 949 1392 988 portio,

1019 997 1087 1028 Fae
1112 1005 1169 1028 nos
1195 997 1347 1029 oboedire
1372 998 1444 1038 legi,

1019 1045 1065 1079 Ut
1090 1047 1271 1077 sanctorum
1297 1054 1388 1077 sacro
1414 1047 1503 1087 gregi

1066 1093 1239 1133 Iungamur
1265 1095 1433 1128 consortio.

648 1189 799 1221 Tertia
824 1190 1135 1230 Quinquagena.

300 1283 306 1289 .
334 1257 415 1300 Ave,
443 1255 532 1296 felix,
559 1265 619 1297 per
644 1266 735 1297 quarn
763 1257 829 1288 vita

332 1304 456 1336 Mundo
482 1305 578 1344 redit,
607 1305 679 1336 dum
707 1305 818 1336 audita

380 1353 451 1385 Tua
476 1356 524 1384 est
549 1353 661 1392 oratio,

332 1400 420 1432 Audi
445 1399 539 1432 fietus
566 1401 774 1441 captivorum,

333 1448 415 1487 Quia
439 1452 474 1480 tu
499 1457 531 1479 es
557 1449 745 1480 miserorum

380 1497 483 1529 Facta
509 1497 694 1531 consolatio,

334 1573 415 1613 Ave,
452 1582 533 1613 quae
557 1582 616 1613 per
641 1573 690 1605 bis
716 1582 862 1605 senarum

335 1620 496 1653 Coronata
521 1630 553 1653 es
580 1622 744 1653 stellarum

380 1670 467 1709 Opus
492 1669 686 1711 venerabile,

332 1718 437 1749 Vitam
465 1722 606 1750 nostram
633 1718 826 1758 conservari,

329 1766 533 1798 Iuventutem
557 1766 706 1797 renovari

379 1813 447 1846 Fae
472 1815 513 1847 ad
538 1814 642 1846 instar
667 1814 802 1855 aquilae.

297 1917 304 1924 .
331 1892 412 1931 Ave,
439 1894 526 1923 terra
551 1891 682 1931 gignens
706 1900 833 1932 panem,

331 1940 391 1979 Qui
415 1939 575 1971 infirmam
602 1943 634 1971 et
657 1940 784 1971 inanem

378 1988 521 2020 Mentem
549 1987 634 2019 cibat
659 1987 806 2025 hominis,

331 2036 406 2076 Ipso
434 2036 517 2068 dona
542 2034 723 2068 confirmari

331 2084 399 2117 Nos
425 2088 521 2125 atque
546 2083 716 2116 laetificari

381 2133 461 2165 Vino
487 2133 535 2165 sui
564 2132 736 2174 sanguinis.

329 2211 410 2251 Ave,
439 2219 520 2251 quae
543 2210 607 2242 iam
631 2210 783 2242 invenisti

331 2260 462 2292 Vultum
471 2259 601 2299 Christi,
610 2268 703 2300 quem
712 2259 864 2299 quaesisti

377 2309 415 2341 In
441 2310 530 2340 terra
555 2308 739 2350 viventium,

333 2357 395 2389 Per
419 2357 522 2397 ipsius
547 2365 605 2389 nos
630 2356 756 2389 laudari

332 2406 469 2438 Praesta
493 2414 609 2437 nomen
635 2407 666 2436 et
690 2405 806 2437 laetari

383 2453 447 2487 Cor
471 2454 576 2494 ipsum
602 2453 831 2494 quaerentium.

961 1258 992 1291 5.
1018 1257 1098 1300 Ave,
1125 1265 1185 1296 per
1211 1266 1305 1297 quam
1329 1258 1470 1290 salutare

1018 1305 1080 1337 Dei
1106 1305 1194 1337 venit
1221 1305 1361 1349 visitare,

1065 1354 1149 1393 Quos
1174 1353 1364 1393 premebant
1390 1355 1477 1398 vitia,

1018 1402 1108 1441 Quod
1131 1402 1286 1433 concedat
1310 1411 1371 1442 ope
1396 1405 1470 1435 tuae

1019 1449 1129 1481 Preeis
1155 1459 1212 1481 nos
1238 1450 1360 1482 laetare
1385 1460 1461 1483 suae

1067 1496 1179 1529 Gentis
1205 1499 1237 1529 in
1259 1498 1393 1534 laetitia.

984 1600 991 1607 .
1017 1575 1097 1616 Ave,
1125 1574 1216 1607 bonis
1244 1576 1371 1617 satiata,

1018 1622 1105 1661 Quae
1130 1632 1149 1654 a
1173 1623 1242 1655 Deo
1268 1627 1340 1656 sunt
1368 1625 1485 1658 collata

1066 1670 1114 1702 Te
1138 1671 1292 1711 implente
1317 1673 1445 1714 spiritu,

1019 1719 1125 1751 Verbo
1149 1719 1183 1751 in
1209 1723 1242 1751 te
1266 1730 1285 1752 a
1310 1730 1449 1761 superno

1017 1767 1116 1799 Patre
1140 1769 1236 1800 misso
1262 1769 1301 1800 ab
1328 1772 1458 1802 aeterno

1066 1814 1162 1847 Salva
1186 1825 1245 1848 nos
1270 1818 1413 1851 interitu.

959 1893 990 1926 7.
1016 1892 1096 1932 Ave,
1125 1893 1214 1934 virgo
1241 1903 1322 1934 quae
1347 1899 1462 1935 parato

1018 1940 1123 1973 Corde
1146 1941 1215 1974 Deo
1243 1946 1275 1974 et
1297 1945 1449 1977 mundato

1067 1988 1183 2022 Cantas
1208 2000 1293 2023 nune
1317 1993 1350 2024 in
1376 1993 1490 2037 gloria,

1020 2037 1110 2070 Siout
1142 2048 1296 2079 praesens
1319 2041 1449 2073 laudem
1476 2044 1552 2083 polo

1020 2084 1166 2128 Confersâ€š
1194 2088 1240 2119 sie
1266 2091 1298 2120 et
1322 2098 1433 2129 pacem
1461 2092 1529 2124 solo

1066 2134 1136 2168 Tua
1163 2135 1217 2167 det
1241 2139 1406 2172 memoria.

985 2237 991 2244 .
1018 2212 1099 2251 Aveâ·
1126 2222 1223 2253 super
1249 2215 1338 2248 euius
1364 2219 1475 2251 natum

1019 2260 1061 2293 Os
1089 2261 1192 2294 dolosi
1218 2268 1395 2297 reseratum

1066 2309 1168 2342 Auxit
1191 2311 1400 2356 improperia,

1018 2357 1068 2389 Tu
1094 2367 1113 2390 a
1139 2358 1263 2392 dextris
1289 2370 1460 2402 egenorum

1021 2406 1103 2438 Asta
1127 2408 1284 2441 mundans
1311 2419 1366 2443 eor
1392 2421 1502 2445 eorum

1070 2454 1189 2488 Christi
1215 2466 1275 2498 per
1301 2461 1465 2501 mysteria.
