1655 2726
687 100 946 136 —163—

150 194 230 230 614.
248 196 423 229 vitandum
451 199 612 230 carnalem
638 200 758 231 motum

247 245 370 285 Vitare,
397 246 499 287 virg0,
528 246 634 289 cupio,

246 292 461 332 Quamobrem
486 294 626 327 activum
651 297 761 336 potum

247 340 381 375 Gratiae
406 345 481 375 tuae
506 343 592 375 sitio.

151 408 232 443 615.
247 408 329 442 Sitio
354 411 465 442 tantae
489 411 614 450 gratiae

245 458 387 498 Adipem
414 461 444 490 et
471 458 709 502 pinguedinem,

244 506 334 547 Quae
358 507 487 547 repleat
511 507 630 539 cotidie

245 554 436 588 Interiorem
466 555 634 591 hominem,

850 199 1115 234 616.Hominem
1142 200 1335 232 exteriorem

945 249 1079 281 Vincam
1104 250 1207 280 taetus
1232 248 1293 281 hac
1318 247 1432 290 gratia,

945 296 993 330 Ut
1017 296 1123 329 laudis
1149 299 1223 328 tuae
1250 296 1397 329 decorem

945 344 1051 386 Magis
1076 345 1205 378 laudem
1230 354 1300 377 cum
1326 343 1439 385 gloria.

851 412 929 445 617,
947 410 1058 444 Gloria
1085 411 1156 455 tibi,
1183 411 1299 454 Maria,

944 459 1008 492 Per
1033 468 1127 500 quam
1151 460 1261 500 piatur
1284 460 1411 500 impius,

945 507 1042 540 Cuius
1065 508 1138 548 ipse
1161 508 1259 541 laude
1283 508 1338 548 pia

942 555 1093 588 Maneam
1118 556 1291 589 solitarius

754 644 878 677 LXIII.

148 712 228 744 618.
244 710 385 751 Exaudi,
411 710 511 752 Deus,
539 714 684 744 orantem

245 758 311 792 Pro
335 760 479 800 cognatis
506 762 538 791 et
563 759 674 792 amicis

246 807 293 840 Ob
320 807 447 840 Mariae
474 807 676 851 dignitatem,

246 855 310 888 Per
335 865 428 897 quam
456 859 571 889 cuncta
595 856 773 891 benedicis,

148 924 230 958 619.
245 923 336 957 Dicis
364 924 471 965 etiam,
496 924 644 964 Domine,

245 971 336 1010 Quod
363 981 490 1004 oremus
516 981 575 1012 pro
601 972 760 1014 malignis,

243 1020 364 1052 Orante
389 1029 514 1052 mecum
540 1020 663 1060 virgine

243 1067 351 1101 Malos
376 1070 490 1109 tangat
514 1068 607 1100 vivus
630 1068 726 1109 ignis.

848 713 927 745 620.
943 712 1042 752 Ignis,
1070 714 1173 744 mater
1197 711 1350 755 caritatis,

942 760 1040 800 Quem
1054 759 1143 792 Iesus
1160 759 1249 791 misit
1264 758 1298 792 in
1312 759 1480 798 mundum,

943 807 1204 848 Persequentium
1230 816 1280 840 me
1305 806 1406 848 gratis

944 856 1096 889 Cordium
1120 856 1220 888 intret
1244 854 1450 896 profundum.

848 924 926 956 621.
944 922 1143 955 Profundum
1169 923 1269 955 intret
1295 924 1390 956 etiam

943 971 1057 1003 Cordis
1083 972 1145 1003 mei
1171 980 1263 1004 sacer
1286 972 1380 1012 ignis,

943 1020 988 1052 Ut
1012 1028 1121 1052 amore
1144 1018 1311 1060 perficiam

941 1066 1019 1099 Cum
1046 1067 1194 1109 benignis
1219 1071 1253 1100 et
1278 1068 1438 1109 malignis.

495 1137 574 1169 622.
590 1135 744 1177 Malignis
770 1144 832 1176 pro
859 1144 909 1167 me
938 1135 1082 1176 resistas,

589 1183 640 1216 Ne
664 1192 716 1216 me
740 1184 829 1216 calor
855 1183 970 1216 horum
994 1185 1100 1224 necet,

588 1232 634 1266 Et
658 1232 741 1265 votis
768 1232 847 1264 meis
874 1231 1017 1273 assistas,

589 1280 682 1321 Nam,
710 1280 828 1320 Maria,
855 1280 925 1312 laus
951 1282 984 1311 te
1011 1280 1112 1314 decet.

751 1357 869 1391 LXIV.

147 1428 228 1461 623.
242 1426 290 1460 Te
317 1427 411 1459 decet
434 1427 572 1468 hymnus
599 1429 632 1458 et
656 1430 774 1466 votum,

241 1474 359 1516 Maria,
387 1476 477 1515 pacis
504 1475 595 1516 visio,

244 1523 346 1563 Caeli,
370 1526 472 1564 terra,
494 1533 584 1556 mare
608 1526 710 1555 totum

244 1572 310 1605 Sub
339 1575 393 1605 tuo
420 1574 495 1605 sunt
518 1572 663 1613 imperio.

144 1641 225 1675 624.
239 1641 383 1682 Imperio
409 1640 579 1673 Frederiei

240 1688 421 1729 Suspensus
448 1688 557 1721 triduo
582 1688 674 1729 vixit,

239 1737 357 1770 Manus
382 1737 460 1769 vicit
486 1737 608 1769 inimici

240 1785 322 1819 Nam
348 1784 418 1819 Ave
441 1785 561 1819 Maria
587 1785 678 1819 dixit.

143 1856 222 1888 625.
239 1854 330 1888 Dixit
355 1855 383 1886 is
406 1853 477 1886 Ave
501 1854 621 1886 Maria

240 1903 306 1943 Spe
330 1902 498 1944 quinquies
525 1902 654 1944 cotidie,

237 1952 308 1985 Deo
332 1952 435 1984 Pater
458 1954 569 1984 noster
594 1951 658 1984 tria

238 2000 284 2034 Et
307 2009 405 2033 unum
431 2009 544 2033 sacrae
569 2000 706 2034 hostiae.

144 2071 223 2103 626.
239 2068 375 2102 Hostiae
402 2069 655 2102 communionem

238 2117 326 2151 Hine
349 2118 516 2158 postulans
542 2118 606 2150 sibi
633 2118 703 2150 dari

237 2167 326 2200 Ante
350 2166 464 2198 mortis
489 2166 682 2209 passionem,

238 2216 307 2256 Qua
331 2215 464 2248 tandem
488 2216 593 2256 possit
619 2215 751 2248 salvari.

141 2285 221 2319 627.
238 2283 366 2317 Salvari
391 2283 510 2325 vivum,
536 2283 654 2327 Maria,

236 2332 357 2365 Fecisti
381 2332 413 2364 in
439 2332 597 2374 patibulo,

235 2381 349 2414 Donec
374 2380 436 2414 suit
461 2380 526 2415 fide
548 2381 605 2422 pia

236 2430 345 2464 Alitus
369 2430 458 2465 vitae
481 2429 613 2472 pabulo.

845 1427 926 1460 628.
942 1425 1063 1458 Pabulo
1088 1426 1181 1465 panis
1207 1425 1316 1458 vitalis

938 1473 1092 1506 Refectus
1117 1483 1191 1506 mox
1219 1473 1396 1513 exspiravit

938 1522 1097 1563 Fideique
1122 1523 1245 1555 cinctus
1271 1521 1331 1554 alis

939 1571 1002 1603 Per
1027 1573 1059 1603 te
1085 1571 1127 1603 ad
1152 1570 1257 1603 Iesum
1284 1570 1444 1612 migravit.

843 1640 925 1673 629.
940 1637 1042 1671 Gravi
1066 1640 1192 1670 tantum
1216 1637 1371 1671 infamiae

937 1686 984 1720 ht
1009 1687 1153 1719 scandali
1179 1687 1355 1726 suspendio

936 1735 1061 1769 Honori
1087 1735 1190 1768 bonae
1215 1735 1338 1776 gratiae

938 1784 1006 1816 Tuo
1031 1784 1151 1816 reddas
1177 1783 1325 1824 imperio.

842 1853 923 1886 630.
938 1852 1078 1893 Imperio
1104 1852 1151 1884 tui
1177 1852 1247 1884 nati

938 1900 1063 1934 Reddis
1092 1901 1215 1933 animas
1241 1899 1405 1941 sublatas3

938 1949 963 1982 O
989 1950 1091 1991 virgo,
1122 1958 1217 1990 quam
1242 1952 1318 1981 sunt
1342 1949 1429 1982 beati

936 1997 1060 2031 Dantes
1085 1997 1145 2030 tibi
1167 1997 1280 2030 laudes
1305 1999 1432 2039 gratas!

842 2069 921 2101 631.
939 2066 1057 2100 Gratas
1081 2067 1165 2099 enim
1190 2067 1264 2099 Iesu
1290 2065 1371 2099 facis

937 2116 1065 2148 Talium
1093 2115 1316 2157 conscientias,

934 2164 987 2198 Ab
1015 2165 1061 2197 eis
1087 2165 1156 2205 lupi
1179 2163 1307 2204 rapacis

935 2213 1047 2255 Longe
1071 2211 1187 2254 fugans
1211 2212 1374 2246 saevitias·

841 2283 919 2316 632.
937 2281 1096 2315 Saevitiae
1123 2284 1229 2313 autem
1255 2281 1324 2313 irae

935 2330 981 2365 Et
1005 2330 1203 2363 aemulorum
1229 2330 1307 2363 odia

935 2379 1088 2414 Illaesum
1113 2388 1164 2411 me
1189 2377 1242 2411 fac
1267 2379 1416 2422 transire,

934 2427 1053 2470 Maria,
1079 2428 1169 2469 pacis
1195 2428 1308 2469 gloria.

1230 2484 1264 2517 11
1285 2483 1300 2500 *
