1655 2726
677 92 940 128 —265—

780 190 842 226 ΠΙ.

565 247 671 291 Salve,
697 249 799 291 virgo,
827 248 948 282 Christi
973 258 1101 292 parens,

569 296 676 339 Virgo,
705 296 803 340 salve,
830 297 905 330 labe
931 306 1053 339 narem,

615 344 720 386 Salve,
746 342 806 377 fios
832 354 850 377 o
876 346 1045 387 virginum,

565 391 694 425 Donum
718 397 847 434 gestans
871 394 1044 435 enigmate,

564 440 715 473 Paritura
738 441 808 474 sine
832 450 911 481 pare

612 488 690 522 Mox
716 489 835 522 ancilla
858 489 1041 522 Dominum.

144 552 200 587 21.
216 552 359 594 Pergens
389 563 465 595 ergo
493 558 569 596 post
594 558 782 596 conceptum
844 556 900 589 26.
913 556 1005 588 Haec
1029 559 1078 588 est
1103 557 1192 598 virga
1218 556 1324 590 ferens
1350 555 1471 598 florem,

216 602 281 635 Per
304 606 458 635 montana
482 613 556 636 mox
582 603 728 637 effectum

264 650 390 684 Tantae
412 655 574 684 monstras
598 653 732 694 gratiae,

218 697 306 731 Hine
331 708 403 732 cum
428 703 532 732 matre
554 700 686 733 visitata

217 746 324 779 Sensit
349 748 458 788 proles
484 748 626 781 nondum
652 750 728 781 nata

264 795 354 828 Tuae
379 796 443 828 vim
468 796 683 837 praesentiae.

146 862 201 895 22.
215 862 301 894 Dum
327 872 362 895 se
386 866 506 896 matres
532 864 767 906 amplexantur,

216 910 296 943 Mox
321 911 483 953 utrimque
507 912 693 945 revelantur

267 959 412 992 Prolium
435 960 616 1004 magnalia3

217 1007 241 1039 O
269 1016 363 1047 quam
388 1008 477 1047 pium
503 1006 569 1040 fert
592 1017 744 1049 amorem,

219 1056 376 1096 Quantum
399 1059 547 1096 praestat
571 1060 602 1087 et
626 1056 780 1088 honorem

263 1103 407 1144 Virginis
431 1104 631 1145 praesentia!

143 1172 201 1205 23.
216 1171 314 1213 Eece,
338 1180 452 1204 manus
476 1172 708 1212 prophetarum

214 1218 293 1252 Mox
319 1219 468 1260 percepit
491 1220 587 1252 iubar
613 1220 733 1253 clarum

263 1267 432 1300 Salutante
459 1268 605 1309 domina3

214 1316 260 1349 Et
285 1316 355 1357 quis
382 1317 444 1349 erit
468 1319 686 1358 peecatorum,

215 1365 315 1405 Quem
340 1374 406 1398 non
431 1365 521 1398 dives
545 1366 733 1398 meritorum

261 1413 343 1445 Beet
367 1415 458 1447 tanta
484 1413 627 1447 femina?

146 1482 203 1515 24.
217 1481 366 1522 Quisquis
392 1490 468 1523 ergo
493 1482 550 1523 sis,
577 1485 746 1526 memento,

220 1530 380 1570 Quantum
404 1531 508 1563 nostri
531 1532 729 1563 munimento

264 1577 373 1611 Favor
397 1580 503 1619 prosit,
527 1580 672 1620 virginiS,

219 1626 277 1659 Cui
304 1626 392 1660 Deus
419 1628 596 1660 maiestatis

214 1676 335 1716 Magna
360 1678 409 1709 tot
433 1676 466 1708 vi
492 1678 661 1717 potestatis

266 1723 370 1756 Causa
395 1722 474 1757 fecit
498 1725 647 1759 hominis.

147 1793 203 1825 25.
220 1792 327 1833 Caput
350 1794 463 1833 anguis
488 1793 570 1826 haec
595 1794 757 1835 contrivit,

220 1840 317 1873 Cuius
342 1839 479 1874 formam
506 1843 691 1883 concupivit

267 1889 338 1922 Rex
365 1893 516 1923 aeternae
540 1892 672 1934 gloriae,

220 1937 313 1970 Nihil
337 1938 388 1971 ira
412 1942 489 1972 trux
512 1940 686 1982 serpentis,

220 1986 310 2019 Nihil
338 1987 369 2020 in
395 1986 478 2020 hanc
503 1988 551 2020 vis
578 1987 744 2022 frementis

270 2035 378 2068 Potuit
402 2036 555 2071 invidiae.

781 2116 839 2151 IV.

913 603 1009 636 Felix
1034 609 1123 637 terra
1148 606 1342 638 salvatorem

963 652 1155 685 Germinans
1179 652 1342 695 fidelibus,

913 700 952 733 In
977 701 1038 733 hac
1063 704 1171 733 natum
1198 701 1279 734 caeli
1304 711 1378 734 rore

913 748 1034 781 Manna
1058 752 1150 790 grato
1177 751 1255 782 dans
1281 759 1397 790 sapore

959 796 1071 830 Robur
1095 796 1282 830 viatoribus.

842 864 896 896 27.
914 863 1003 896 Haeo
1027 868 1076 896 est
1100 865 1157 896 ille
1182 864 1254 897 fons
1280 868 1434 906 Slgnatus‚

913 912 1035 944 Hortus
1061 912 1188 945 clausus
1214 916 1247 944 et
1270 913 1393 954 rigatus

958 959 1091 992 Gratiae
1114 959 1310 1003 fluminibus,

911 1008 1002 1040 Haec
1020 1011 1069 1040 est
1087 1009 1188 1041 vellus
1207 1009 1337 1041 trahens
1351 1017 1465 1050 rorem,

912 1057 1001 1097 Ager
1024 1057 1139 1096 plenus
1166 1057 1245 1089 dans
1271 1057 1402 1090 odorem

958 1104 1101 1138 Cunetis‘
1115 1109 1223 1137 terrae
1247 1104 1376 1139 finibus,

841 1171 897 1204 28.
912 1171 1004 1204 Haeo
1028 1175 1078 1203 est
1100 1171 1235 1204 thronus
1259 1172 1450 1213 Salomonis

913 1219 971 1253 Cui
996 1220 1103 1252 nullus
1128 1229 1189 1261 par
1214 1224 1263 1252 est
1286 1221 1318 1252 in
1347 1221 1438 1254 donis

960 1269 1043 1300 Arte
1067 1268 1118 1301 vel
1141 1269 1285 1310 materia,

912 1316 1004 1348 Ebur
1030 1317 1171 1349 candens
1199 1318 1365 1359 castitatis,

914 1365 1040 1397 Aurum
1064 1364 1191 1406 fulgens
1217 1366 1361 1398 caritatis

962 1413 1107 1446 Denotat
1130 1414 1293 1454 mysteria.

841 1483 899 1515 29.
912 1482 1012 1523 Arca,
1038 1482 1136 1514 turris
1163 1482 1242 1514 haec
1267 1485 1382 1516 vocata

911 1530 956 1562 Et
981 1533 1160 1563 castrorum
1190 1531 1341 1563 ordinata

960 1578 1059 1611 Acies
1085 1578 1251 1622 terribiliS,

913 1626 1054 1669 Lignum
1077 1627 1174 1668 vitae,
1200 1628 1289 1660 scala
1315 1628 1404 1671 caeli,

916 1675 1011 1708 Omni
1036 1680 1150 1716 patens
1175 1676 1253 1709 urbs
1279 1675 1380 1717 fideli,

960 1725 1032 1757 Arx
1056 1724 1325 1765 inexpugnabilis.

843 1795 899 1829 30.
915 1794 1015 1826 Porta
1038 1792 1129 1833 caeli,
1157 1793 1312 1834 templum
1336 1793 1408 1837 Dei,

914 1842 1018 1874 Maris
1042 1844 1166 1883 portus,
1192 1843 1234 1874 ad
1260 1850 1353 1882 quem
1380 1843 1426 1874 rei

964 1889 1107 1924 Currunt
1132 1899 1202 1922 cum
1228 1889 1356 1935 fiducia,

914 1939 985 1971 Nee
1010 1939 1166 1981 auditum,
1192 1939 1279 1979 quod
1302 1939 1417 1972 salutis

915 1988 1094 2029 Implorata
1120 1987 1282 2019 destitutis

964 2036 1111 2077 Deneget
1131 2036 1262 2071 auxilia.

560 2176 667 2219 Salve,
694 2179 799 2209 mater
825 2176 898 2208 novi
924 2175 1034 2217 moris,

564 2225 694 2267 Expers
719 2224 809 2267 paris
835 2233 917 2265 quae
941 2223 1062 2257 doloris

615 2274 816 2308 Salvatorem
842 2273 994 2315 gentium,

566 2322 622 2356 Nil
640 2323 693 2356 hic
710 2321 853 2363 foedum,
869 2322 913 2354 nil
928 2320 1131 2364 probrosum,

566 2372 678 2406 Talem
703 2375 839 2404 matrem
865 2374 930 2403 tam
956 2369 1131 2403 formosum

613 2421 717 2454 Decet
740 2419 959 2461 puerperium.
