1655 2726
560 581 587 611 7.
617 580 748 612 Roseum
770 580 894 615 Grinale
914 583 946 614 B.
968 583 1004 614 ἸΙ.
1025 582 1061 615 V.

184 746 217 780 1.
245 746 352 787 Salve,
380 747 471 786 caeli,
499 750 607 780 terrae
633 748 741 790 decus,

245 796 310 828 Per
333 798 366 827 te
393 798 501 828 coetus
527 796 610 829 vidit
637 804 749 829 caecus

246 843 456 883 Captivorum
483 847 515 876 et
536 853 676 887 reorum,

242 892 327 924 Dum
354 896 389 924 tu
414 900 521 932 regem
547 892 733 933 angelorum

292 940 391 981 Virgo
417 941 566 981 genuisti.

183 1028 216 1060 2.
244 1027 351 1067 Salve,
379 1027 537 1068 virginale
562 1028 663 1070 sidus,

238 1076 306 1108 Per
329 1077 364 1106 te
387 1075 471 1107 vivit
492 1075 586 1107 homo
611 1074 708 1119 fidus,

240 1124 304 1156 Per
329 1125 362 1154 te
386 1122 468 1156 fides
492 1123 638 1165 inolevit,

241 1172 279 1205 In
306 1174 339 1203 te
363 1172 498 1204 verbum
524 1170 589 1205 Dei
615 1172 728 1211 crevit,

287 1219 401 1252 Virum
426 1228 488 1252 neo
512 1220 649 1255 scivisti.

179 1309 209 1341 3.
238 1309 344 1349 Salve,
368 1308 521 1349 puritatis
546 1307 674 1351 fiumen,

237 1357 304 1389 Per
333 1359 366 1388 te
391 1357 480 1389 venit
504 1359 630 1389 ternum
657 1357 775 1397 lumen,

239 1404 317 1437 Fuit
342 1408 375 1437 et
400 1408 449 1437 est
470 1414 581 1437 verum
607 1414 734 1447 numen,

237 1453 289 1486 De
306 1462 367 1494 quo
389 1454 521 1495 scripsit
538 1456 646 1486 vatum
664 1462 776 1486 rumen

286 1501 409 1542 Optans
436 1502 504 1535 eius
530 1506 646 1535 ortum.

187 1590 215 1622 4.
242 1589 349 1628 Salve,
376 1590 479 1622 virtus
505 1599 523 1622 0
551 1591 714 1631 virtutum,

240 1638 452 1672 Colluctantis
478 1641 513 1670 tu
539 1647 573 1670 es
598 1641 723 1670 scutum

240 1688 362 1721 Contra
388 1686 494 1719 carnis
520 1688 609 1720 olens
634 1687 736 1719 lutum

239 1735 547 1776 Paenitentibusque
572 1738 675 1768 tutum

286 1783 336 1817 Tu
361 1784 409 1817 vis
437 1784 515 1818 dare
539 1786 679 1827 portum.

179 1873 211 1906 5.
240 1871 346 1913 Salve,
374 1871 455 1904 caeli
480 1872 578 1912 plena
602 1881 687 1914 rore,

239 1920 333 1954 Omni
361 1921 459 1962 digna
483 1929 517 1953 es
542 1921 672 1966 honore,

238 1970 340 2010 Virga
364 1978 459 2002 arens
485 1978 519 2002 es
545 1979 617 2003 oum
640 1969 732 2011 flore,

207 2017 210 2020 '
238 2018 322 2051 Dum
350 2021 485 2051 naturae
509 2018 631 2060 absque
655 2028 746 2052 more

289 2065 446 2100 Genetrix
472 2076 507 2100 es
532 2067 629 2102 facta.

159 2253 214 2287 11.
244 2254 350 2296 Salve,
377 2258 482 2288 mater
507 2254 570 2289 Dei
597 2254 661 2296 dia,

242 2303 349 2347 Salve,
377 2304 524 2337 veritatis
550 2304 613 2345 via,

239 2352 352 2385 Talem
377 2351 465 2386 fatur
488 2353 673 2394 prophetia,

238 2401 331 2441 Quod
358 2402 399 2434 de
423 2404 457 2435 te
481 2411 559 2435 vera
583 2401 698 2442 sophia

288 2446 439 2486 Christus
461 2454 662 2486 nasceretur.

879 751 911 784 6.
939 749 1045 794 Salve,
1073 749 1163 790 virgo
1191 749 1278 781 dieta
1303 749 1388 790 diva,

940 799 1002 831 Per
1027 802 1060 830 te
1084 806 1141 830 rea
1166 806 1243 838 gens
1269 796 1306 830 fit
1330 796 1413 839 viva,

938 847 1026 887 Quae
1049 846 1083 878 in
1108 846 1193 878 valle
1219 848 1268 877 est
1294 845 1436 885 decliva3

937 894 1024 935 Ergo
1049 903 1107 926 nos
1132 894 1274 934 peccatis
1299 893 1403 934 priva,

986 943 1107 975 Parens
1133 951 1150 974 o
1175 943 1307 974 intacta.

901 1056 908 1062 .
936 1030 1041 1068 Salve,
1068 1031 1180 1060 nectar
1207 1027 1380 1069 diligentis,

934 1077 985 1108 Tu
1011 1086 1044 1109 es
1069 1076 1169 1108 robur
1196 1075 1427 1115 decumbentis,

934 1125 979 1157 Es
1004 1124 1147 1157 solamen
1172 1124 1276 1165 gentis
1300 1122 1407 1155 flentis

933 1172 978 1204 Et
1002 1172 1127 1213 asylum
1152 1171 1330 1213 morientis,

982 1221 1081 1261 Virgo
1105 1220 1289 1254 benedicta.

897 1336 904 1343 .
931 1307 1036 1347 Salve,
1064 1307 1140 1340 vitis
1164 1307 1334 1349 ubertatis,

933 1356 1039 1400 Salve,
1065 1356 1162 1388 decor
1188 1355 1376 1396 maiestatis,‚

932 1404 1001 1437 Nos
1027 1408 1118 1438 tuere
1143 1414 1163 1436 a
1190 1403 1350 1437 damnatis

933 1453 1003 1485 Nee
1026 1462 1091 1486 non
1116 1452 1336 1485 universitatis

980 1502 1063 1535 Dele
1087 1503 1123 1534 tu
1150 1500 1280 1534 delicta.

896 1617 903 1625 .
932 1589 1038 1632 Salve,
1065 1588 1166 1621 nubes
1191 1597 1306 1621 rorans
1332 1587 1440 1630 mella,

933 1638 1040 1680 Salve,
1067 1636 1222 1670 trinitatis
1249 1637 1341 1678 celia,

932 1687 987 1719 Ad
1019 1687 1233 1728 plasmantem
1258 1688 1293 1718 tu
1319 1685 1451 1726 appeHa

931 1736 996 1768 Pro
1022 1734 1128 1774 nobis,
1156 1744 1198 1767 ne
1222 1735 1256 1766 in
1280 1733 1426 1776 proceila

985 1782 1089 1816 Maris
1114 1783 1367 1824 submergamur.

901 1897 906 1903 .
934 1871 1041 1914 Salve,
1069 1871 1212 1903 salutare
1239 1870 1366 1910 donum,

934 1920 1044 1953 Omnis
1067 1919 1174 1952 laudis
1200 1922 1313 1951 tenens
1338 1922 1459 1962 tonum,

933 1969 1049 2002 Redde
1072 1968 1166 2001 nobis
1187 1970 1299 2001 natum
1324 1976 1474 2009 pronum,

935 2017 980 2051 Ut
998 2025 1107 2050 omnes
1125 2017 1168 2050 ad
1185 2025 1342 2049 summum
1355 2015 1473 2048 bonum

983 2066 1115 2100 Sursum
1140 2065 1315 2107 rapiamur.

901 2281 909 2290 ,
936 2253 1041 2298 Salve,
1072 2252 1173 2285 vellus
1200 2251 1377 2295 Gedeonis,

936 2302 961 2336 O
988 2303 1121 2335 lucerna
1146 2301 1292 2344 rationis,

934 2350 1108 2385 Fortitudo
1134 2353 1169 2382 tu
1195 2350 1369 2393 Samsonis,

934 2399 1012 2443 Fac,
1039 2401 1075 2432 ut
1096 2408 1156 2439 per
1172 2402 1205 2432 te
1220 2408 1306 2432 nuno
1324 2400 1474 2435 draconis

988 2448 1081 2481 Virus
1106 2451 1324 2489 percassetur.
