1655 2726
655 139 914 175 *261*

746 255 837 290 VIII.

155 333 185 366 1.
203 333 333 379 Plange,
361 337 469 370 Iesus:
496 341 649 380 paradiso
848 344 879 377 6.
895 343 1024 388 Plange‚
1052 345 1142 378 Iesus
1170 348 1378 379 contristatur

201 382 329 416 Mecum
355 386 429 426 eris,
458 387 541 420 dixit
566 389 633 421 viso
894 391 1044 436 Cernens,
1072 402 1146 426 reus
1170 396 1253 434 quod
1279 395 1428 436 privatur

252 432 414 467 Crucifixo
440 436 538 471 socio.
942 439 1030 473 Caeli
1057 442 1229 475 domicilio.

152 510 183 541 2.
200 509 333 552 Plange,
360 517 473 555 mater,
503 522 598 546 cruce
624 515 696 548 dira
847 516 1023 560 7.Plange,
1049 517 1140 551 Iesus
1165 519 1252 560 luget
1278 520 1349 553 visa

200 557 343 599 Torquet
370 560 475 593 Iesum
503 562 599 594 valde
624 565 707 595 mira
892 565 923 597 A
948 574 983 597 se
1008 566 1151 599 membra
1174 570 1224 599 tot
1247 570 1396 609 praecisa

250 606 365 640 Cordis
391 609 438 641 tui
462 611 598 649 pressio.
941 614 1062 654 Culpae
1087 615 1265 656 sacrilegio.

151 684 183 717 3.
197 682 342 726 Plange,
369 685 460 718 Iesus
485 688 620 719 multum
642 688 760 730 plorat,
846 690 877 722 8.
891 690 1013 731 Plange
1037 700 1158 732 poenas
1183 702 1300 733 graves
1324 695 1403 734 nati,

198 731 281 764 Nam
306 733 451 774 ingratos
477 744 549 768 reos
574 740 668 768 norat
892 738 1012 778 Quibus
1038 743 1153 780 sponte
1179 742 1268 781 cupit
1293 743 1361 781 pati

246 781 361 814 Crucis
386 782 553 817 beneficio.
939 787 1033 819 Adae
1056 797 1117 827 pro
1141 788 1322 830 naufragio.

151 858 334 900 4.P1ange‚
362 860 468 893 Iesum
494 861 534 893 ob
561 861 724 903 honorem,
844 864 874 896 9.
889 862 1021 907 Plange,
1049 864 1139 897 Iesus
1168 874 1261 898 cruce
1289 866 1369 899 dura

199 906 269 946 Quo
294 912 447 948 peccator
472 910 649 950 genitorem
891 913 997 945 Sentit
1022 921 1152 953 poenas,
1181 922 1259 953 quas
1285 924 1421 955 passura

246 955 368 999 Privat,
397 960 526 997 torquet
548 959 668 998 passio.
935 959 997 993 Est,
1019 961 1177 994 iustorum
1203 963 1289 996 unio.

149 1033 181 1065 5.
196 1032 330 1073 mange,
359 1032 459 1065 deflet
479 1037 553 1066 tuus
578 1038 673 1067 natus
819 1037 875 1069 10.
892 1037 1022 1079 mange,
1049 1038 1140 1070 Iesus
1165 1042 1270 1071 morte
1296 1040 1393 1078 dolet,

192 1079 327 1113 Dandos
353 1081 417 1113 reis
444 1083 604 1114 cruciatus
889 1085 975 1125 Quae
999 1086 1032 1117 in
1060 1094 1168 1119 omnes
1193 1090 1316 1119 tantum
1341 1089 1444 1128 pollet

241 1128 416 1162 Daemonis
440 1129 590 1170 hospitio.
936 1133 1031 1165 Adae
1056 1134 1223 1167 maleficio.

496 1207 551 1240 11.
566 1207 626 1240 Pia
652 1211 764 1248 mater,
791 1209 868 1241 iusti
892 1209 940 1242 rei

565 1256 633 1288 Nos
659 1256 772 1289 fiamus
798 1260 829 1288 et
853 1258 887 1290 in
914 1257 975 1290 Dei

615 1305 761 1338 Humiles
787 1307 931 1340 servitio.

753 1413 815 1446 IX.

146 1488 177 1522 1.
192 1486 314 1529 Plange
344 1488 450 1521 Iesum
475 1492 587 1521 nostra
612 1487 741 1522 flentem
840 1491 870 1523 6.
886 1490 1008 1531 Plange
1033 1491 1140 1523 Iesum
1165 1491 1399 1534 lacrimantem,

195 1534 369 1577 Caecitate,
396 1536 574 1578 patientem
888 1538 965 1571 Cum
993 1541 1083 1571 aceto
1108 1537 1152 1571 fel
1176 1541 1341 1579 potantem

242 1584 393 1617 Cruciatu
419 1586 519 1621 vario.
933 1587 1051 1620 Mortis
1074 1586 1108 1619 in
1135 1587 1284 1621 confinio.

147 1664 179 1696 2.
196 1662 328 1704 Plange,
356 1665 495 1696 mentem
519 1665 594 1697 Iesu
616 1665 743 1698 mordet
840 1665 1007 1705 7.P1ange
1032 1667 1142 1697 natum
1169 1666 1400 1710 querulantem,

193 1710 281 1750 Quae
305 1711 409 1753 imago
435 1711 497 1744 Dei
522 1713 635 1745 sordet
882 1712 962 1746 Heli
987 1721 1082 1745 cruce
1105 1714 1319 1754 geminantem

242 1759 419 1793 Criminum
444 1762 646 1797 commercio.
931 1761 1029 1795 Vitae
1054 1771 1114 1802 pro
1140 1761 1297 1796 subsidio.

145 1840 176 1872 3.
192 1838 324 1879 mange,
351 1842 460 1871 natum
486 1840 647 1873 Zebedaei
836 1841 868 1873 8.
883 1839 1013 1880 mange,
1040 1842 1154 1883 mater,
1174 1840 1281 1873 Iesum
1301 1837 1442 1875 flentem.

193 1887 359 1928 Recepisti
383 1888 453 1920 loco
478 1887 542 1920 Dei
885 1886 1160 1921 Consummatum
1185 1891 1231 1921 est
1257 1889 1418 1922 dicentem

238 1935 305 1968 Pro
332 1936 379 1968 tui
404 1936 535 1971 solacio.
933 1935 1045 1969 Crucis
1071 1937 1104 1969 in
1130 1938 1297 1978 martyrio.

141 2016 176 2048 4.
191 2013 324 2056 mange,
349 2014 479 2057 plange,
503 2016 559 2056 pia
583 2019 696 2054 mater,
836 2016 1015 2059 efflange,
1043 2017 1133 2048 stans
1156 2017 1192 2048 in
1216 2024 1312 2048 cruce
1332 2025 1444 2049 caesus

189 2063 299 2096 Morte
325 2064 398 2096 Iesu
423 2064 524 2097 solem
549 2067 644 2106 pater
884 2064 925 2097 Se
950 2074 1010 2105 pro
1035 2063 1129 2097 nobis
1155 2063 1248 2097 offert
1273 2066 1363 2098 Iesus

237 2112 350 2145 Privat
374 2113 454 2145 lucis
477 2113 581 2147 radio.
930 2113 1021 2147 Patri
1046 2112 1216 2147 sacrificio.

142 2192 172 2224 5.
189 2190 312 2231 Plange
337 2190 442 2223 Iesum
479 2199 575 2223 cruce
600 2194 749 2233 stantem,
813 2191 867 2225 10.
883 2192 1013 2231 Plange‚
1040 2192 1131 2224 Iesus
1156 2200 1228 2223 eum
1251 2192 1396 2232 portavit

186 2238 226 2272 In
252 2239 364 2271 dolore
388 2240 437 2272 sic
462 2240 650 2272 clamantem
884 2239 1018 2279 Culpam
1045 2242 1187 2272 nostram
1207 2241 1442 2273 commendavit

235 2288 323 2320 Voce
346 2288 419 2329 pia:
447 2287 539 2324 Sitio.
933 2287 1090 2328 Spiritum
1115 2288 1286 2330 principio.

488 2367 543 2403 11.
558 2367 619 2402 Pia
643 2369 757 2409 mater,
784 2375 994 2409 agnoscamus

559 2415 693 2450 Nosmet
718 2415 807 2456 ipsos
834 2418 866 2447 et
892 2424 1042 2448 canamus

582 2465 657 2497 Iesu
683 2472 753 2498 cum
778 2464 946 2506 psalterio.
