1655 2726
741 119 998 153 -234—

218 213 273 245 13.
301 212 400 251 Quem
426 221 575 244 manuum
601 221 660 251 per
686 222 785 253 opera

346 259 492 292 Sollicite
514 260 680 292 nutrivisti

298 307 343 339 Et
365 308 398 339 in
423 309 529 340 aetate
553 310 666 339 tenera

345 356 384 387 In
409 354 556 387 omnibus
581 355 764 396 providisti.

215 422 269 454 14.
295 422 393 461 Quem
419 421 569 455 Iordanis
593 420 724 454 flumine

343 470 502 502 Iohannes
527 469 706 510 baptizavit

295 518 338 550 Et
365 526 541 559 agnoscens
566 518 696 550 numine

343 566 452 607 Digito
477 566 720 600 demonstravit.

213 634 270 667 15.
298 634 401 673 Quem
424 634 525 667 Satan
550 634 677 666 astutiis

343 681 485 715 Trifarie
509 683 691 722 temptavit,

297 729 446 763 Salvator
471 731 529 762 sed
555 732 706 763 versutiis

343 779 527 811 Prudenter
552 779 704 812 obviavit.

212 848 268 881 16.
294 847 354 887 Qui
379 849 434 878 tuo
459 855 518 887 pro
545 847 674 878 oraculo

908 214 962 245 17.

906 421 961 454 18.

907 633 965 665 19.

903 846 959 878 20.

341 896 467 935 Aquam
492 895 524 926 in
548 895 656 927 vinum
680 895 826 938 mutavit,

292 943 332 975 In
358 952 419 983 quo
445 951 519 975 suos
542 943 696 975 miraculo

340 990 527 1032 Discipulos
554 990 764 1024 confirmavit.

210 1146 266 1178 21.
293 1145 330 1177 ln
356 1148 464 1177 monte
488 1144 597 1176 Tabor
623 1143 744 1177 deforis

340 1193 407 1225 Iste
432 1191 691 1234 transfiguratur,

293 1240 339 1272 Et
363 1240 494 1281 gloriosi
521 1241 664 1280 corporis

340 1289 496 1321 Maiestas
523 1288 716 1320 declaratur.

210 1356 267 1388 22.
295 1355 373 1388 Cum
398 1355 514 1395 palmis
541 1353 712 1387 celebriter

828 1077 889 1109 ΙΙΙ.

901 1145 956 1177 26.

899 1355 957 1387 27.

339 1404 378 1435 ln
395 1403 508 1435 urbem
533 1411 626 1443 quem
653 1403 825 1442 duxerunt,

293 1452 438 1490 Vespere
462 1450 520 1482 sed
544 1450 683 1490 turpiter

339 1500 482 1532 Vacuum
510 1498 708 1531 dimiserunt.

210 1567 266 1599 23.
293 1567 352 1607 Qui
376 1567 410 1598 in
437 1574 516 1598 cena
539 1566 711 1598 novissima

339 1614 443 1646 Pedes
469 1621 597 1645 suorum
621 1614 700 1646 lavit

289 1662 439 1703 Escaque
462 1661 663 1694 nobilissima

339 1710 419 1743 Cum
445 1710 599 1750 sanguine
624 1710 755 1743 cibavit.

208 1780 264 1812 24.
291 1778 351 1819 Qui
375 1779 469 1811 horto
493 1780 601 1810 mente
625 1778 721 1810 anxia

337 1827 498 1860 Proljxius
524 1826 629 1858 oravit

290 1874 336 1907 Et
360 1883 474 1915 aquam
499 1882 579 1914 prae
602 1874 736 1906 tristitia

339 1923 416 1956 Cum
442 1922 597 1962 sanguine
621 1922 759 1956 sudavit.

205 1992 260 2025 25.
288 1991 386 2031 Quem
412 1990 474 2023 viri
498 1988 635 2022 malefici

338 2038 522 2072 Grudeliter
548 2038 720 2071 vinxerunt

287 2088 466 2128 Annaeque
490 2085 634 2126 pontifici

334 2136 482 2177 Ligatum
508 2135 723 2169 adduxerunt.

201 2281 256 2314 31.
284 2281 381 2320 Quem
407 2284 444 2313 ut
467 2289 557 2312 reum
583 2280 714 2312 sceleris

331 2329 454 2362 Pilatus
481 2329 716 2368 condemnavit,

286 2377 398 2410 Crucis
423 2378 545 2419 lignum
569 2377 688 2409 umeris

332 2426 479 2467 Propriis
505 2426 670 2458 baiulavit.

897 1566 951 1599 28.

895 1778 950 1810 29.

894 1990 949 2022 30.

822 2210 879 2245 IV.

891 2278 947 2311 32.

989 214 1048 252 Qui
1075 214 1221 246 obsessos
1247 214 1394 253 plurimis

1036 261 1253 292 Daemonibus
1279 261 1415 292 salvavit

989 309 1040 339 Ac
1065 307 1209 340 infirmos
1236 308 1334 339 variis

1037 355 1262 395 Languoribus
1288 354 1422 387 curavit.

989 421 1049 459 Qui
1073 421 1232 453 Lazarum
1260 430 1330 453 cum
1355 420 1422 453 filio

1039 469 1164 502 Viduae
1187 469 1366 511 suscitavit,

991 517 1135 549 Puellam
1162 526 1231 548 cum
1258 517 1407 558 prodigio

1035 566 1090 598 Ad
1116 566 1213 598 vitan]
1240 567 1413 600 revocavit.

990 632 1051 672 Qui
1079 642 1149 665 cum
1171 633 1396 673 peccatoribus

1037 681 1239 723 Frequenter
1263 682 1470 714 manducavit

988 729 1113 770 Hisque
1136 730 1373 770 paenitentibus

1037 779 1173 811 Peccata
1196 778 1363 812 relaxavit.

988 845 1084 878 Cuius
1108 845 1209 887 pedes
1234 845 1376 877 lacrimis

1035 894 1205 926 Peccatrix
1224 894 1374 934 irrIgavit

986 941 1170 983 Dolensque
1196 950 1236 973 ex
1258 942 1380 973 intimis

1034 989 1169 1023 Veniam
1193 989 1389 1029 impetravit.

983 1143 1079 1176 Guius
1105 1143 1228 1176 vultum
1247 1143 1397 1183 turpibus

1030 1192 1141 1231 Sputis
1165 1191 1372 1223 maculabant

982 1239 1026 1271 Et
1049 1248 1228 1280 pugnorum
1252 1240 1372 1272 ictibus

1028 1287 1109 1320 Dire
1135 1287 1358 1320 verberabant.

984 1354 1080 1394 Quem
1109 1354 1207 1387 Pilati
1233 1355 1365 1387 sedibus

1027 1403 1254 1435 Damnandum
1264 1404 1518 1443 praesentabant

979 1452 1087 1491 Atque
1112 1450 1204 1483 falsis
1230 1451 1367 1483 testibus

1028 1499 1148 1532 Dolose
1172 1499 1377 1533 accusabant.

979 1567 1007 1598 A
1034 1567 1162 1599 Iudaeis
1189 1567 1365 1599 exhibitum

1025 1614 1173 1648 Herodes
1199 1624 1293 1655 quem
1318 1616 1441 1653 invisit,

979 1662 1043 1695 Sed
1068 1672 1127 1703 per
1153 1663 1340 1703 despectum
1366 1665 1513 1698 habitum

1028 1711 1075 1744 Ut
1100 1710 1222 1743 fatuum
1248 1713 1382 1745 remisit.

978 1778 1087 1818 Ipsum
1112 1778 1257 1810 indutum
1285 1789 1430 1820 purpura

1026 1827 1200 1859 Columnae
1225 1827 1402 1868 adligatum

980 1873 1104 1907 Corona
1129 1876 1243 1916 pungit
1267 1876 1381 1916 spinea

1023 1922 1180 1964 Flagellis
1205 1924 1421 1960 verberatum.

976 1989 1075 2029 Quem
1101 1989 1283 2023 confossum
1308 1993 1497 2026 vulneribus

1025 2038 1150 2071 Milites
1175 2039 1413 2074 subsannarunt

977 2087 1027 2118 Ac
1053 2086 1077 2119 C
1088 2097 1134 2119 ru
1145 2086 1254 2129 cifig
1268 2097 1285 2120 e
1311 2090 1442 2123 vocibus

1024 2135 1138 2168 Iudaei
1164 2137 1415 2174 conclamarunt.

975 2278 1143 2312 Calvariae
1167 2289 1261 2321 quem
1286 2284 1428 2317 vestibus

1023 2327 1110 2360 Loco
1136 2333 1293 2362 exuerunt

973 2375 1019 2407 Et
1041 2385 1154 2409 manus
1180 2386 1251 2411 cum
1275 2380 1413 2419 pedibus

1023 2424 1119 2457 Cruci
1143 2424 1336 2462 adfixerunt.
