1655 2726
268 245 323 280 30.

269 662 325 695 31.

265 1073 321 1105 32.

267 1484 324 1517 33.

259 1899 314 1930 34.

256 2315 310 2349 35.

352 250 431 291 Ave,
458 245 557 290 virgo,

399 304 492 336 quam
517 295 603 327 servi
626 294 757 327 Domini

350 343 552 377 Benedicunt

398 391 505 432 magni
530 394 563 423 et
586 391 719 435 minimi,

349 441 428 481 Fac,
454 442 489 471 ut
514 439 576 471 Dei

397 487 579 520 benedictio

349 535 513 569 Emundet
536 545 594 567 nos

395 585 435 616 ab
462 584 548 615 omni
572 584 661 615 vitio.

351 663 431 700 Ave,
459 661 558 703 virgo,

396 718 490 750 quam
515 709 651 740 laudant
674 709 789 749 omnia,

347 757 461 796 Homo,
488 765 585 797 pecus

398 809 430 837 et
454 804 607 844 volatilia,

346 853 423 894 Fac,
451 853 629 892 qm'cunque

394 903 469 933 sunt
492 901 578 932 servi
602 900 742 942 Domini,

346 948 490 981 Laudem
517 948 584 979 eius

394 997 538 1029 tribuant
562 996 692 1030 nomini.

347 1072 429 1115 Ave,
455 1072 555 1113 virgo,

393 1129 474 1161 quae
498 1119 560 1151 Dei
585 1120 746 1153 mirabilia

350 1167 519 1200 Confiteris

394 1218 427 1247 et
450 1215 535 1248 nosti
560 1216 675 1255 omnia,

345 1262 423 1304 Fac,
451 1266 485 1294 ut
510 1272 619 1295 omnes

392 1311 453 1343 filii
477 1311 640 1343 hominum

350 1358 546 1392 Confitentes

398 1407 564 1439 laudemus
588 1407 770 1441 Dominum.

351 1484 432 1516 Ave.
459 1482 535 1515 Sion

397 1531 544 1564 caelestis
569 1530 645 1571 filia,

346 1580 436 1612 Nihil
461 1578 582 1611 habens

394 1629 435 1660 de
459 1627 638 1667 Babylonia

347 1676 417 1708 Fac
436 1684 495 1708 nos
520 1674 599 1707 fiere

394 1725 489 1764 mala,
514 1732 595 1763 quae
619 1722 764 1764 fecimus,

346 1771 467 1811 Quibus
494 1774 605 1803 cantus

393 1823 519 1853 nostros
545 1820 717 1851 amisimus.

341 1897 422 1938 Ave,
450 1896 531 1928 caeli

388 1947 584 1987 praepotens
612 1944 750 1986 domina,

342 1993 429 2032 Quae
454 1993 609 2024 virtutum

393 2041 609 2074 transscendis
636 2041 784 2081 culmina,

339 2090 417 2131 Fac,
443 2088 513 2122 Deo
540 2097 613 2121 con-

388 2137 517 2170 fitemur
543 2137 703 2182 cordibus,

339 2187 384 2219 Et
409 2186 516 2219 audiri

390 2235 432 2268 da
456 2234 575 2267 nostris
600 2234 743 2267 vocibus,

337 2314 419 2354 Ave,
445 2311 536 2352 virgo

386 2361 526 2402 probata
549 2361 687 2401 meritis,

341 2409 569 2442 Praesentibus

386 2462 481 2499 atque
503 2458 688 2498 praeteritis

801 148 1037 185 ῂ-54Ξ-Α

1040 248 1071 279 A
1096 245 1237 289 peccatis

1089 294 1141 327 fac
1165 304 1222 326 nos
1247 300 1415 334 resurgere

1038 343 1083 376 Et
1105 344 1140 375 in
1165 342 1257 374 bonis

1087 390 1141 424 fac
1164 399 1291 431 semper
1315 390 1434 421 vivere.

957 470 1013 502 36.
1039 469 1122 510 Ave,
1150 468 1248 508 virgo,

1086 524 1168 557 quae
1193 515 1293 547 bonos
1320 513 1426 557 eripis,

1038 563 1083 596 Et
1107 563 1264 603 malignos

1087 615 1120 643 et
1144 620 1260 651 pravos
1287 609 1409 653 diripi5‚

1037 659 1139 700 Eripe
1168 668 1226 691 nos

1087 718 1106 740 a
1130 707 1214 739 malo
1239 707 1367 739 homine

1037 756 1083 788 Et
1104 756 1144 788 ab
1171 755 1256 787 omni

1084 804 1189 836 libera
1213 803 1357 836 crimine.

955 882 1010 915 37.
1037 881 1119 922 Ave,
1144 883 1247 912 mater

1084 929 1125 961 ad
1151 931 1184 959 te
1210 927 1423 968 clamantium,

1036 976 1224 1009 Exaudiens

1085 1032 1180 1057 voces
1206 1023 1358 1063 fidelium,

1038 1072 1213 1106 Intendere

1087 1120 1229 1161 digneris
1255 1119 1385 1151 vocibus

1037 1168 1176 1210 NostriS‚
1204 1167 1245 1199 ad
1270 1170 1303 1198 te

1086 1217 1161 1248 dum
1186 1215 1438 1247 clamaverimus,

953 1292 1009 1327 38.
1036 1294 1118 1333 Ave,
1145 1291 1246 1332 virgo,

1082 1350 1142 1381 pro
1169 1340 1270 1380 culpis
1296 1339 1459 1372 hominum

1035 1388 1223 1421 Vociferans

1083 1444 1209 1475 semper
1234 1436 1276 1468 ad
1301 1435 1484 1476 Dominum,

1034 1484 1112 1525 Fac,
1137 1484 1286 1516 intendat

1082 1532 1175 1565 nobis
1201 1532 1377 1573 orantibus,

1035 1579 1069 1612 Si
1093 1590 1156 1613 non
1181 1581 1300 1612 nostris

1080 1629 1132 1662 vel
1156 1628 1219 1660 tuis
1245 1628 1407 1669 precibus.

957 1706 1011 1739 39.
1037 1706 1119 1745 Ave,
1141 1704 1203 1738 Dei

1084 1754 1191 1786 dicata
1214 1752 1293 1794 filio,

1032 1801 1110 1844 Fac,
1137 1804 1174 1834 ut
1198 1810 1326 1843 semper

1079 1853 1190 1883 nostra
1214 1850 1317 1883 oratio

1033 1899 1194 1931 Audiatur

1078 1947 1118 1979 ab
1143 1946 1215 1987 ipso
1241 1947 1389 1992 Domino,

1032 1994 1092 2034 Qui
1113 1996 1215 2027 iustus
1242 1999 1292 2028 est

1081 2046 1113 2075 et
1137 2052 1237 2076 verax
1262 2046 1402 2079 omnino.

950 2121 1005 2153 40.
1031 2121 1113 2161 Ave,
1140 2121 1230 2162 virgo

1080 2170 1197 2202 docens
1222 2171 1265 2203 ad
1289 2172 1448 2211 proelium

1031 2217 1151 2251 Contra
1175 2218 1284 2251 hostes

1075 2276 1187 2300 manus
1212 2266 1368 2310 fidelium,

1027 2314 1117 2347 Doce
1140 2324 1228 2348 meos

1078 2373 1207 2405 semper
1232 2365 1351 2406 digitos

1031 2412 1153 2446 Contra
1176 2417 1281 2445 motus

1078 2461 1184 2494 carnis
1209 2461 1353 2495 illicitos
