1655 2726
768 146 1028 180 —230-

256 240 311 273 35.
337 240 420 283 Ave,
448 241 536 272 cuius
562 240 667 281 gratia

387 288 505 320 latroni
532 289 711 330 miseretur,

337 335 420 368 Dum
449 340 656 377 compunctus
682 336 787 368 animo

385 386 418 415 te
441 383 546 416 Deum
574 383 753 417 confitetur.

255 472 310 504 36.
336 471 418 511 Ave,
446 472 499 512 qui
526 471 743 504 dulcissimam

384 522 518 552 matrem
546 519 775 552 commendasti

336 567 471 600 Iohanni
497 568 639 609 virgineo

384 617 519 657 custodi,
546 624 637 657 quem
662 615 788 649 amasti.

253 703 309 735 37.
334 703 416 744 Ave,
444 703 557 736 dulcor
582 704 716 744 animae,

383 751 438 792 qui
463 752 550 784 cruci
576 752 781 784 conclavatus

335 799 381 831 Es
409 798 494 832 fellis
519 800 708 832 amarissimi

382 849 497 887 poculo
522 851 662 889 potatus,

250 1001 306 1036 41.
333 1001 414 1042 Ave,
445 1003 533 1034 cuius
557 1003 697 1035 transitu

383 1049 431 1081 sol
457 1050 695 1094 obtenebratur,

333 1096 379 1129 Et.
403 1106 552 1131 saxorum
578 1098 715 1138 qualitas

382 1145 463 1178 dura
489 1149 727 1186 conquassatur.

249 1223 305 1255 42.
330 1222 413 1263 Ave,
442 1223 495 1263 qui
520 1225 679 1255 tartareas

378 1273 490 1310 portas
518 1269 714 1312 confregisti,

333 1318 410 1351 Cum
436 1320 523 1350 tuam
547 1319 724 1358 potentiam

382 1366 498 1398 vinctis
525 1366 705 1399 ostendisti.

248 1442 306 1475 43.
333 1443 414 1481 Ave,
441 1443 495 1483 qui
521 1444 562 1476 de
586 1443 697 1483 stipite

383 1491 484 1522 crucis
511 1500 543 1523 es
569 1491 694 1523 ablatus

332 1537 378 1569 Et
401 1538 434 1569 in
459 1539 579 1571 munda
603 1539 739 1571 sindone

380 1587 528 1626 sepulcro
555 1588 804 1620 commendatus

249 1664 306 1695 44.
330 1663 412 1705 Ave,
440 1666 546 1696 custos
571 1664 710 1697 omnium

379 1713 526 1751 sepulcro
554 1712 731 1745 custoditus

331 1758 375 1791 Et
400 1768 419 1791 a
445 1761 564 1793 sanctis
590 1759 717 1793 feminis

383 1807 498 1842 devote
519 1809 701 1850 inquisitus.

248 1886 304 1917 45.
330 1885 412 1926 Ave,
439 1887 492 1927 qui
518 1889 591 1928 post
615 1887 755 1919 triduum

380 1942 455 1965 vere
479 1935 658 1977 surrexisti,

333 1980 424 2013 Sicut
447 1984 482 2014 tu
509 1983 675 2023 discipulis

379 2033 455 2062 ante
478 2031 681 2071 praedixisti.

946 244 1001 275 38.
1029 245 1109 284 Ave,
1136 245 1190 284 qui
1214 245 1363 276 incendio

1074 292 1178 323 crucis
1205 300 1238 323 es
1262 294 1398 333 assatus,

1026 340 1147 378 Agmus
1172 340 1241 371 sine
1265 339 1391 372 macula

1073 395 1133 425 pro
1158 387 1251 419 nobis
1276 387 1469 421 immolatus

945 472 1000 505 39.
1027 472 1108 512 Ave,
1135 473 1189 512 qui
1215 481 1285 504 cum
1311 473 1418 505 valido

1075 520 1214 551 clamore
1239 520 1403 552 tradidisti

1025 567 1115 599 Tuae
1139 568 1223 600 vitae
1247 568 1406 608 spiritum,

1073 616 1106 647 in
1134 624 1228 647 cruce
1257 616 1331 648 dum
1357 616 1464 648 sitisti.

940 704 997 736 40.
1024 703 1104 746 Ave,
1132 702 1216 734 latus
1240 700 1389 734 floridum

1074 750 1157 782 rosei
1183 750 1309 790 coloris,

1025 799 1077 831 Ex
1102 802 1135 830 te
1159 802 1292 831 manant
1316 798 1412 830 rivuli

1071 845 1190 879 fervidi
1212 846 1340 880 amoris.

938 1003 995 1035 46.
1021 1002 1102 1040 Ave,
1129 1001 1185 1042 qui
1210 1002 1365 1041 apostolis

1069 1052 1102 1081 te
1126 1049 1234 1081 vivum
1260 1049 1489 1081 demonstrasti

1020 1097 1065 1129 Et
1091 1106 1198 1129 coram
1222 1097 1268 1129 eis
1294 1097 1391 1130 etiam

1067 1153 1144 1177 vere
1168 1145 1380 1177 manducasti.

937 1222 994 1255 47.
1020 1222 1101 1263 Ave,
1128 1222 1183 1262 qui
1207 1222 1391 1255 videntibus

1070 1270 1237 1310 discipulis
1261 1271 1386 1303 levatus

1018 1317 1065 1349 Es
1090 1318 1134 1350 ad
1157 1318 1261 1359 patris
1288 1319 1453 1351 dexteram

1066 1365 1100 1397 in
1126 1366 1213 1398 caelo
1238 1367 1424 1401 collocatus,

937 1444 993 1476 48.
1020 1443 1101 1482 Ave,
1129 1443 1183 1484 qui
1207 1444 1400 1483 paraclitum

1066 1491 1214 1531 spiritum
1240 1492 1356 1524 misisti

1020 1538 1180 1572 Gordibus
1205 1539 1360 1583 fidelium,

1066 1587 1151 1620 sicut
1170 1589 1358 1628 promisisti.

935 1665 993 1699 49.
1018 1665 1098 1707 Ave,
1123 1665 1222 1698 iudex
1248 1666 1391 1699 cordium

1063 1713 1176 1746 ultimo
1201 1717 1367 1758 venturus,

1016 1761 1207 1794 Meritorum
1233 1763 1373 1795 omnium

1065 1810 1210 1850 praemia
1235 1811 1379 1847 daturuS.

935 1888 990 1920 50.
1018 1888 1098 1927 Ave,
1124 1896 1182 1920 rex
1207 1890 1419 1932 regnantium,

1063 1944 1187 1968 merces
1211 1936 1388 1980 beatorum,

1017 1983 1152 2016 Praesta
1176 1988 1209 2016 te
1234 1986 1412 2019 colentibus

1065 2033 1217 2064 virtutem
1241 2035 1438 2070 meritorum.

311 2115 391 2143 Orat.
419 2124 473 2143 ms.
496 2117 678 2182 'ref-usinum
699 2125 775 2145 saec.
798 2115 842 2144 15.
883 2117 956 2145 Glm.
975 2117 1130 2145 Monacen.
1154 2116 1189 2146 19
1197 2117 1262 2148 636.
1283 2120 1318 2148 A.
1338 2137 1375 2141 —
1397 2122 1477 2151 Orat.
1498 2133 1553 2151 ms.

231 2154 413 2190 Tegurinum
439 2156 511 2182 anni

555 2153 622 2184 446.
669 2155 740 2183 Glm.
765 2156 920 2184 Monacen.
951 2154 1057 2184 19991.
1083 2157 1116 2184 Β.
1142 2172 1180 2176 -
1206 2159 1286 2187 Orat.
1314 2169 1370 2188 ms.
1398 2161 1553 2191 Scotorum

231 2192 437 2220 Vindobonen.
463 2202 540 2222 saec.
566 2192 610 2222 15.
652 2194 722 2222 Cod.
752 2193 865 2223 Scotor.
892 2194 1097 2223 Vindobcnen.
1128 2193 1167 2224 54
1191 2197 1212 2224 h
1238 2195 1265 2226 S.
1288 2198 1319 2227 C.
1351 2216 1389 2220 —
1417 2201 1508 2230 Mone
1527 2203 1552 2238 Ι,

232 2228 288 2259 336
309 2239 372 2267 sqq.
392 2231 469 2260 nach
493 2234 575 2261 einer
586 2233 798 2261 Bronnbacher
808 2233 863 2261 Hs.
885 2241 961 2261 saec.
975 2232 1115 2261 15.D.—
1137 2235 1258 2265 Collect.
1279 2247 1332 2266 ms.
1347 2238 1554 2270 Lambacense

231 2278 308 2297 saec.
331 2269 376 2297 15.
416 2270 486 2300 Cod.
508 2272 688 2300 Lambacen.
707 2270 765 2300 480
785 2269 872 2307 (743).
890 2272 918 2299 Ε

310 2309 498 2338 Ausserdem:
520 2310 591 2339 Cod.
606 2310 763 2339 Sublacen.
779 2308 842 2339 195.
857 2318 934 2338 saec.
951 2308 994 2338 14.
1009 2326 1046 2330 —
1062 2311 1268 2343 Cod.Parisin.
1282 2313 1347 2344 333.
1361 2325 1441 2345 saec.
1458 2316 1505 2346 15.
1516 2335 1552 2339 -

233 2347 302 2375 Ood.
319 2347 529 2377 Carolsruhan.
543 2349 668 2386 Augien.
690 2347 735 2378 36.
757 2358 833 2377 saec.
850 2347 922 2377 ulis.

232 2386 303 2413 Cod.
323 2385 474 2423 Iosephini
493 2388 715 2418 Hildeshemen.
736 2386 811 2424 3(6).
830 2388 863 2415 F.

949 2365 979 2369 —-
1003 2350 1073 2379 0011.
1088 2350 1257 2390 Sangallen.
1274 2353 1341 2384 485.
1354 2364 1431 2385 saec.
1449 2355 1493 2385 15.
1513 2373 1553 2377 —

310 2423 334 2460 1,
357 2423 372 2452 1
394 2427 497 2455 mundi
517 2428 652 2455 conditor
664 2428 702 2455 D.
723 2443 760 2447 —
780 2425 806 2461 2,
828 2424 846 2453 2
866 2429 1037 2463 processisti
1052 2428 1110 2457 ΟΕ.
1130 2446 1168 2450 -
1188 2430 1215 2466 2,
1236 2429 1254 2460 3
1275 2433 1311 2461 de
1330 2434 1425 2469 patris
1438 2436 1552 2471 gremio

230 2464 273 2500 D3
290 2463 327 2492 de
339 2466 433 2501 patris
447 2466 578 2494 thalamo
591 2466 650 2494 ΟΕ.
664 2482 701 2486 —
717 2465 775 2495 Str.
790 2464 808 2493 2
821 2475 851 2494 u.
868 2464 886 2493 3
900 2468 1072 2503 umgestellt
1081 2469 1140 2497 OE.
1154 2486 1192 2491 —
1206 2468 1233 2507 3,
1244 2470 1264 2499 4
1277 2472 1423 2501 claritatis
1434 2473 1499 2500 DE.
1514 2488 1551 2492 —
