1655 2726
167 516 226 548 20.

164 1114 220 1146 21.

155 1728 211 1760 22.

150 2343 206 2377 23.

698 110 960 146 —121—

243 204 334 245 Quod
360 205 394 237 hi
419 215 471 238 me
496 206 617 239 habent
640 208 725 248 odio,

240 254 325 293 Quos
351 254 424 296 plus
450 254 518 287 fovi
542 256 575 287 in
601 256 732 297 gremio,

286 302 332 334 Et
356 303 425 335 zelo
452 303 499 335 tui
525 304 680 347 aemulor,

242 350 349 390 Quare
372 351 434 383 nisi
460 355 493 384 te
517 352 625 385 nescio

246 399 351 432 Adire
375 408 436 440 pro
461 399 617 442 subsidio,

295 447 352 480 Cui
377 448 455 480 licet
480 457 553 481 rens
578 447 727 483 famulor.

241 513 365 548 Levavi
391 516 508 549 mentis
534 517 659 549 oculum

243 563 296 596 Ad
322 567 365 604 te,
392 568 429 596 ut
452 567 729 607 propugnaculum

290 613 412 646 Contra
436 613 546 646 hostes
572 614 738 655 advenias,

241 660 288 693 Ut
311 663 343 693 te
370 661 451 693 dans
476 661 511 693 in
536 662 736 696 obstaculum

240 708 286 741 Et
311 710 498 749 propellens
524 710 702 750 periculum

288 756 361 790 Non
390 758 543 790 dormites
564 767 626 791 nec
645 760 802 802 dormias3

239 805 333 846 Nam,
361 806 424 838 nisi
450 814 501 838 me
528 807 689 840 custodias

240 852 286 886 Et
312 854 352 886 de
378 857 409 886 te
434 854 513 887 mibi
540 854 640 888 facias

287 901 416 942 Refugii
442 903 622 945 latibulum,

237 950 403 983 Inveniam
432 951 534 983 malas
559 953 629 984 vias

238 997 434 1031 Sustinendo
460 999 607 1032 miserias

283 1046 335 1079 Ex
353 1056 438 1079 nunc
456 1056 557 1088 usque
573 1049 607 1080 in
626 1049 798 1082 saeculum.

236 1113 392 1147 Laetatus
418 1124 499 1156 sum,
528 1116 602 1147 dum
627 1116 745 1149 ibimus

237 1161 375 1195 Domum
401 1166 500 1205 tuam,
527 1164 555 1195 si
581 1166 762 1206 quaerimus

285 1212 412 1252 Pacem,
440 1221 532 1253 quam
560 1212 652 1245 nobis
673 1214 802 1257 dedisti,

236 1259 271 1292 Si
298 1259 473 1293 vindictam
502 1260 678 1294 differimus

236 1307 282 1341 Et
304 1308 390 1341 hanc
415 1309 474 1341 tibi
500 1310 746 1342 transmittimus

283 1357 491 1399 Faciendam‚
519 1361 554 1390 ut
577 1359 701 1392 iussisti
710 1370 719 1403 ;

233 1405 353 1438 Pacem
372 1414 500 1446 semper
524 1407 657 1439 voiuisti

234 1453 281 1486 Et
304 1464 364 1495 pro
390 1455 484 1487 nobis
509 1455 593 1488 hanc
618 1456 782 1498 quaesisti,

278 1502 324 1535 Ut
348 1504 381 1535 in
406 1503 510 1535 latere
534 1503 680 1545 legimus,

234 1551 325 1591 Quod
352 1551 490 1584 scrutari
520 1552 696 1592 permisisti

231 1598 456 1633 Perforatione
481 1600 578 1642 tristi,

277 1648 330 1681 Ne
343 1657 483 1689 unquam
502 1649 668 1682 discordes
686 1652 796 1685 simus.

225 1727 281 1759 Ad
306 1729 339 1758 te
365 1727 474 1760 oculos
502 1727 619 1768 levavi,

226 1775 315 1808 Deus
340 1784 441 1817 meus,
471 1776 521 1808 cui
544 1777 679 1817 peccavi

275 1823 330 1866 Et,
358 1825 411 1866 qui
436 1825 470 1858 in
498 1826 595 1858 caelis
623 1826 760 1868 habitas,

226 1872 360 1905 Sursum
388 1882 586 1915 cernensque
611 1876 756 1917 pensavi,

226 1921 329 1963 Quod,
355 1922 430 1964 quia
453 1924 488 1955 in
514 1925 546 1954 te
572 1925 712 1967 speravi,

275 1970 345 2003 Nee
371 1974 421 2003 est
444 1980 518 2004 mea
541 1972 696 2014 iniquitas

225 2019 333 2052 Maior
359 2029 454 2061 quam
479 2024 536 2054 tua
561 2021 689 2054 bonitas

225 2068 284 2100 Vel
311 2069 436 2109 gratiae
460 2069 671 2114 immensitas,

273 2116 327 2150 Ad
353 2126 446 2158 quam
473 2127 602 2159 semper
627 2119 787 2161 anhelavi,

220 2165 349 2198 Memor
375 2167 438 2198 erit
462 2167 619 2201 severitas

226 2215 298 2247 Tua
324 2218 356 2247 et
380 2215 568 2256 rigorositas

272 2263 367 2305 Mihi,
393 2268 492 2304 prout
516 2265 669 2298 iudicavi.

222 2341 295 2374 Nisi
323 2342 398 2383 quia
421 2342 598 2384 propitium

221 2391 269 2424 Te
291 2391 383 2433 scivi,
410 2391 510 2433 Deus,
539 2394 571 2424 et
595 2391 685 2433 pium

270 2439 480 2474 Testantibus
505 2441 704 2484 vulneribus,

865 673 920 704 24.

861 1282 917 1315 25.

855 1904 912 1937 26.

939 208 1013 241 Non
1038 217 1133 241 ausus
1157 217 1225 240 sum
1250 205 1410 248 refugium

941 256 1120 289 Vendicare
1144 258 1176 288 te
1200 256 1367 299 proprium

987 305 1133 338 Peccatis
1157 304 1381 347 renitentibus,

938 352 1003 386 Sed
1029 353 1083 394 qui
1108 353 1248 386 mederis
1274 353 1419 385 omnibus

935 402 1043 434 Portis
1070 402 1176 435 cordis
1202 401 1398 442 patentibus,

987 449 1035 482 De
1060 450 1173 490 laqueo
1201 450 1383 482 venantium

937 497 1064 531 Eruens
1088 507 1141 530 me
1166 500 1199 530 et,
1222 497 1371 539 gentihus

936 545 1012 578 Eris
1028 546 1266 590 insidiantibus,

985 595 1156 635 Promptus
1181 595 1214 626 in
1240 594 1445 628 adiutorium.

936 671 995 711 Qui
1023 670 1188 704 confidunt
1214 680 1282 704 cum
1310 672 1425 704 timore

935 720 973 752 In
997 724 1041 761 te,
1066 720 1167 760 Deus,
1193 723 1225 752 et
1249 729 1358 753 amore

983 768 1074 801 Sicut
1097 770 1220 801 montes
1244 771 1319 801 sunt
1342 768 1469 813 firmati,

934 816 983 848 Tu
1010 818 1055 849 eis
1082 826 1114 849 es
1140 818 1196 849 lux
1221 826 1357 849 aurorae

934 865 1193 907 circumcingens
1219 865 1277 898 hos
1299 865 1482 907 splendore,

982 913 1033 946 Ne
1057 912 1137 946 fiant
1162 913 1375 954 obtenebrati,

934 961 1008 994 Non
1034 962 1205 1003 permittis,
1233 962 1318 1003 quod
1343 962 1461 1002 virgati

935 1009 1096 1042 Faventes
1121 1010 1283 1050 iniquitati

982 1057 1081 1090 Fiant
1105 1059 1149 1090 eis
1175 1060 1208 1090 in
1235 1067 1356 1099 errore,

936 1106 1000 1138 Sed
1026 1106 1112 1147 quod
1136 1115 1198 1148 per
1221 1109 1254 1138 te
1280 1107 1345 1138 sint
1370 1106 1485 1139 salvati

934 1153 977 1186 Et
1003 1155 1035 1186 in
1061 1163 1143 1194 pace
1168 1154 1278 1187 situati

980 1202 1106 1244 Fugato
1132 1205 1349 1244 persecutore.

932 1280 972 1313 In
997 1280 1214 1314 convertendo
1241 1281 1403 1322 captivum

931 1329 986 1362 Ad
1011 1332 1044 1361 te
1068 1329 1182 1370 Deum,
1209 1328 1330 1362 fontem
1355 1331 1474 1371 vivum,

981 1377 1065 1410 Cura
1090 1378 1150 1410 tibi
1176 1380 1225 1409 est
1249 1378 1405 1419 maxime,

931 1425 981 1458 Tu
1008 1427 1108 1459 donas
1135 1427 1167 1458 ei
1190 1427 1344 1459 motivum

931 1473 1052 1507 Salutis
1078 1475 1293 1516 regulativum

975 1523 1113 1556 Monens
1138 1533 1212 1556 eum
1235 1523 1434 1566 saepissime,

931 1571 1015 1604 Nam
1040 1575 1150 1605 auster
1175 1574 1248 1604 tuus
1274 1572 1399 1605 animae

927 1620 1033 1653 Adest
1059 1619 1211 1662 perflanS,
1237 1623 1274 1653 ut
1298 1621 1452 1653 lacrimae

978 1669 1043 1701 Per
1068 1670 1176 1702 oculos
1204 1670 1324 1702 ducant
1348 1670 1463 1712 rivum,

926 1717 964 1750 In
991 1727 1052 1758 quo
1078 1718 1323 1759 diligentissime

925 1765 1093 1799 Laventur
1117 1767 1231 1799 sordes
1257 1767 1390 1800 intimae

974 1815 1175 1848 Paenitentis
1202 1818 1252 1848 est
1276 1815 1428 1849 laxivum.

927 1903 999 1936 Nisi
1025 1903 1182 1936 Dominus
1208 1902 1309 1937 fuerit

924 1951 1054 1985 Mecum
1081 1955 1113 1984 et
1135 1961 1187 1985 me
1212 1953 1386 1994 adiuverit,

973 2001 1083 2034 Labor
1107 2010 1196 2034 meus
1222 2004 1271 2034 est
1294 2001 1328 2033 in
1354 2011 1482 2045 vanum,

924 2049 994 2082 Nec
1024 2052 1083 2091 est,
1110 2050 1165 2091 qui
1184 2051 1358 2091 quidquam
1376 2050 1491 2084 fecerit

924 2099 1001 2132 Sine
1027 2108 1063 2132 eo
1089 2099 1140 2131 vel
1167 2099 1278 2140 egerit,

972 2147 1034 2187 Qui
1061 2148 1212 2180 extrahat
1237 2147 1315 2180 inde
1339 2157 1488 2190 granum,

923 2196 1011 2229 Deus
1037 2205 1138 2238 meus,
1164 2205 1249 2237 pone
1274 2205 1403 2229 manum

925 2246 1030 2285 Super
1064 2254 1153 2277 reum
1179 2254 1341 2286 nunquam
1366 2255 1488 2289 sanum,

972 2294 1032 2333 Qui
1054 2296 1087 2325 te
1111 2293 1325 2326 medicantem
1352 2296 1488 2338 quaerit,

924 2342 994 2376 Nec
1021 2342 1206 2383 dedigneris
1232 2341 1405 2384 profanum

922 2392 1158 2432 Indignumque
1183 2392 1403 2438 publicanum,

971 2441 1032 2482 Qui
1052 2449 1158 2474 coram
1176 2444 1210 2473 te
1228 2442 1355 2484 culpam
1373 2444 1489 2485 querit.
