1655 2726
664 144 699 148 ---
757 122 825 159 159
879 143 923 148 —

128 220 207 252 536.
224 219 428 253 Homicidam
456 221 504 252 sic
532 219 676 254 effectum

227 268 381 301 Praesule
405 278 465 309 pro
492 278 586 302 servo
613 274 666 302 tuo

228 316 392 350 Gontundi
418 326 453 349 os
478 315 687 350 interfectum

225 366 265 399 In
289 364 374 398 festo
397 364 505 398 fecisti
530 375 599 399 suo.

130 443 212 477 537.
227 442 292 476 Suo
317 443 438 485 spiritu
461 444 587 484 positus

224 492 312 524 Ante
337 501 512 532 supernum
536 493 678 525 iudicem

224 539 320 573 Vidit
345 540 491 573 minister
514 540 644 574 inolitus

226 588 322 620 Stare
355 592 492 621 matrem
517 592 551 621 te
573 589 763 630 supplicem.

132 666 211 700 538.
226 665 414 706 Supplicem
439 666 669 707 queiimoniam

227 714 283 753 Te,
310 713 427 756 Marla,
456 717 532 746 tunc
555 713 673 754 facere,

228 762 274 796 Ut
297 762 434 795 haberes
459 763 614 795 iustitiam

229 810 300 843 Cito
328 810 369 844 de
392 813 483 843 tanto
508 811 643 844 scelere.

132 890 212 923 539.
226 888 359 921 Scelere
382 889 431 920 sic
455 889 604 928 exposito

225 938 290 969 Per
315 939 357 979 te,
385 935 502 977 Maria,
528 937 563 969 in
590 936 687 969 caelis

225 985 325 1017 Iussit
350 985 450 1026 Iesus,
478 986 515 1016 ut
539 984 645 1017 subito

224 1034 388 1067 citaretur
412 1031 566 1066 infidelis

127 1108 371 1144 540 1nfide1is
397 1112 472 1142 ante
495 1109 601 1143 Deum

225 1158 351 1191 Citatus
376 1167 451 1191 mox
477 1158 655 1199 exspiravit

223 1207 378 1239 Ministro
406 1206 526 1239 citante
552 1216 633 1249 eum,

225 1256 304 1289 Cum
330 1255 400 1288 visa
426 1253 508 1288 sesto
536 1255 690 1288 narravit.

128 1334 208 1366 541.
226 1333 446 1374 Narravitque
469 1343 505 1366 se
531 1333 651 1366 vidisse

227 1382 414 1414 Praesulem
442 1382 697 1422 excerebratum,

225 1431 274 1463 Te
299 1430 458 1470 praesulis
483 1431 664 1463 ostendisse

227 1478 355 1512 Christo
383 1482 480 1520 caput
506 1482 715 1511 cruentatum.

824 223 904 256 542.
920 221 1130 256 Cruentatum
1155 221 1202 253 sic
1227 220 1374 262 nequiter

918 270 1007 312 Cum,
1033 270 1148 313 Maria,
1177 272 1209 301 te
1233 269 1391 312 laudavit,

922 317 1078 351 Coronari
1103 317 1244 350 feliciter

917 366 1118 409 impetrasti,
1145 376 1216 398 cum
1242 366 1403 406 migravit.

825 445 904 477 543.
920 443 999 477 Cum
1025 444 1178 485 migravit
1203 447 1236 475 et
1264 443 1413 484 dyscolus

919 492 1053 524 Praesul
1070 494 1257 532 peremptor
1281 491 1454 531 praesulis,

918 541 1022 580 Hunc,
1050 540 1166 583 Maria,
1195 539 1342 572 diabolus

917 588 1058 621 Strinxit
1080 589 1182 628 igneis
1206 587 1355 620 vinculis,

824 667 903 699 544.
919 666 1066 698 Vinculis
1091 666 1140 697 sic
1164 665 1369 697 vinculantur

918 714 1034 746 Servos
1061 718 1131 746 tuos
1157 716 1396 755 persequentes,

919 763 963 803 Si,
990 765 1160 804 antequam
1185 763 1374 803 moriantur,

919 810 992 843 Non
1016 811 1081 842 sint
1106 819 1182 843 vere
1205 810 1419 851 paenitentes.

824 890 902 923 545.
919 890 1135 928 Paenitentes‚
1162 889 1264 930 virgo,
1292 896 1387 919 veros

918 936 985 969 Nos
1012 937 1150 970 reddere
1175 944 1358 976 persevera,

918 987 956 1019 In
982 985 1080 1017 laude
1104 985 1179 1018 Iesu
1206 985 1347 1017 sinceros

917 1033 962 1066 Et
986 1033 1021 1065 in
1044 1033 1142 1065 laude
1171 1035 1227 1065 tua
1250 1041 1351 1065 mera.

825 1112 906 1144 546.
919 1110 1015 1143 Mera
1039 1109 1104 1142 fide
1129 1119 1187 1143 nos
1211 1111 1341 1142 illustra

919 1159 978 1197 Tu,
1009 1168 1090 1199 quae
1115 1158 1222 1191 Maria
1249 1158 1376 1198 diceris,

919 1207 971 1239 Ne
997 1206 1103 1239 anima
1128 1208 1240 1239 nostra
1266 1205 1388 1238 frustra

920 1255 1086 1296 Nusquam
1111 1255 1214 1287 inhiat
1240 1254 1377 1295 superis.

824 1334 905 1366 547.
922 1333 1053 1374 Superis
1079 1335 1191 1374 iungas
1217 1333 1344 1374 gaudiis

922 1382 1001 1422 Tua,
1027 1382 1145 1423 Maria,
1172 1382 1278 1422 gratia

922 1430 990 1462 Nos
1017 1430 1154 1470 expletis
1179 1430 1337 1469 exsequiis

919 1478 1012 1511 Finis
1038 1478 1140 1511 nostri
1166 1488 1235 1510 cum
1264 1477 1376 1519 gloria.

478 1557 558 1591 548.
576 1556 688 1589 Gloria
714 1556 785 1598 tibi,
814 1556 932 1597 Maria,

573 1606 636 1638 Per
662 1614 756 1645 quam
785 1605 895 1646 piatur
920 1605 1047 1646 impius,

574 1654 671 1687 Cuius
696 1655 768 1694 ipse
794 1655 891 1687 laude
917 1654 971 1695 pia

571 1702 722 1735 Maneam
748 1703 924 1735 solitarius.

742 1790 845 1823 LVII.

128 1858 210 1892 549.
224 1857 260 1890 Si
286 1867 361 1890 vere
386 1860 430 1899 te,
457 1858 547 1898 virgo
572 1866 660 1900 vera,

224 1906 303 1939 Filii
328 1907 435 1940 colant
460 1906 632 1951 hominum,

226 1954 346 1995 Utique
371 1954 436 1988 fide
461 1956 598 1997 sincera,

225 2004 375 2036 Placabis
402 2005 447 2036 eis
473 2004 657 2038 Dominum.

128 2084 210 2117 550.
225 2082 399 2117 Dominum
423 2083 530 2115 Iesum
555 2083 686 2124 negavit

224 2131 322 2164 Miles
348 2130 478 2163 effectus
504 2141 632 2172 egenus,

226 2180 306 2214 Cum
331 2180 479 2213 daemoni
503 2182 727 2222 praesentavit

224 2228 320 2261 Hunc
345 2229 484 2264 rusticus
511 2229 585 2263 dolo
611 2231 738 2271 plenus.

128 2308 212 2343 551.
227 2307 348 2340 Plenus
376 2307 512 2342 daemon
538 2309 680 2342 versutia
706 2336 709 2339 .

227 2355 324 2388 Hunc
349 2365 468 2397 negare
492 2359 525 2389 te
550 2358 685 2397 monuit,

226 2404 345 2446 Maria,
371 2405 469 2445 plena
494 2407 608 2448 gratia,

227 2453 320 2495 Quod
346 2453 455 2489 facere
479 2463 555 2487 mox
580 2455 696 2488 renuit.

824 1861 905 1892 552.
921 1859 1040 1891 Renuit
1064 1861 1107 1897 te,
1134 1867 1207 1898 spes
1233 1858 1408 1897 lapsorum,

920 1907 1049 1948 Negare
1074 1906 1176 1950 miles⁷
1203 1906 1325 1947 Maria,

920 1956 1158 1996 Daemonisque
1180 1954 1331 1996 frangens
1354 1953 1460 1987 forum

918 2004 1014 2037 Adiit
1040 2004 1194 2045 templum
1221 2004 1254 2036 in
1281 2004 1343 2036 via.

823 2085 905 2117 553.
921 2083 1084 2115 Viatorem
1110 2083 1205 2114 nimis
1232 2091 1320 2114 reum

920 2131 962 2164 Se
988 2129 1104 2163 fecisse
1128 2130 1275 2171 pandens
1301 2129 1371 2171 tibi,

920 2180 964 2213 Ut
990 2180 1170 2220 respiceres
1195 2179 1229 2210 in
1256 2188 1326 2211 eum

921 2229 1037 2262 Coram
1062 2231 1096 2260 te
1120 2228 1302 2268 plorantem
1327 2227 1383 2261 ibi.

825 2309 906 2342 554.
920 2307 973 2340 Ibi
997 2316 1057 2348 per
1080 2316 1115 2339 os
1140 2306 1288 2346 imaginis

921 2355 1014 2388 Vidit
1039 2359 1071 2388 te
1096 2355 1171 2388 Iesu
1196 2355 1390 2397 loquentem,

919 2404 1070 2437 Animam
1096 2403 1155 2436 tibi
1180 2405 1317 2437 hominis

918 2453 1001 2486 Dari
1025 2454 1184 2486 inst-anter
1209 2454 1410 2501 petentem&
