1655 2726
663 120 925 159 ——153—

135 216 216 251 423.
232 216 326 252 Cives
352 219 483 259 superni
510 220 621 260 gaudii

232 266 281 299 Te
305 267 444 300 adorant
469 267 539 300 sine
561 268 635 312 fine,

233 315 358 354 Quanto
385 316 486 357 magis
512 326 570 349 nos
594 319 715 360 miseri,

233 363 401 396 Placatrix
423 364 492 397 irae
519 365 657 402 divinae.

833 224 912 257 424.
928 222 1067 256 Divinae
1092 222 1156 256 iam
1182 220 1313 256 visionis

928 270 1032 304 Solita
1057 272 1136 304 dare
1159 270 1287 312 gaudia,

925 319 1062 352 Redime
1086 328 1138 352 me
1161 320 1225 351 tuis
1252 319 1354 359 bonis,

927 367 978 401 Ne
1004 368 1085 401 caeli
1109 368 1220 409 priver
1244 368 1357 408 gloria.

487 435 567 467 425.
582 433 697 467 Gloria
720 435 792 475 tibi,
817 436 942 478 regina,

581 482 765 525 Pauperum
790 484 999 525 exspectatio,

583 530 686 570 Quam
709 532 890 565 substantia
916 531 1025 565 divina

581 579 764 613 Perlustrat,
787 580 969 621 privilegio.

733 666 864 701 XLIX.

138 734 219 768 426.
234 734 322 766 Deus
350 734 483 767 deorum
510 736 637 776 colitur,

233 782 352 826 Maria,
378 785 452 815 tuus
477 782 575 825 filius,

235 830 324 865 Deus
350 834 422 863 tuus
448 840 529 871 sum,
557 832 710 874 loquitur,

233 880 369 912 Praeter
395 888 444 911 me
468 889 533 912 non
557 883 606 912 est
630 880 724 914 alius,

137 949 218 982 427.
234 947 328 979 Alius
355 956 418 979 non
444 956 503 979 nos
525 948 672 991 redemit,

231 994 305 1026 Nisi
330 998 426 1027 natus
452 1004 491 1027 ex
516 998 549 1026 te
575 994 674 1040 Deus,

230 1042 270 1075 In
297 1046 470 1083 conspectu
497 1043 585 1075 cuius
612 1044 723 1076 tremit

235 1090 378 1132 Caelum,
406 1093 505 1132 terra,
524 1094 665 1133 sanctus,
685 1100 769 1124 reus.

133 1162 216 1194 428.
231 1159 320 1191 Reus
344 1159 448 1191 omnis
474 1160 660 1192 exardescit

230 1208 269 1240 In
296 1211 439 1240 extremo
465 1207 595 1252 iudicio,

230 1255 304 1288 Nisi
329 1256 434 1288 solum
461 1256 510 1288 cui
538 1257 714 1296 compescit

229 1304 300 1337 Tua
324 1304 430 1337 Iesum
456 1305 570 1339 oratio.

133 1375 215 1407 429.
231 1373 343 1405 Oratio
369 1372 416 1405 tui
442 1373 508 1405 oris

231 1421 344 1454 Dulcis
371 1430 469 1461 super
493 1420 603 1455 favum
628 1421 734 1453 mellis

232 1469 270 1502 In
299 1470 351 1503 die
376 1471 484 1511 magni
509 1468 629 1503 furoris

229 1519 287 1551 Me
311 1518 431 1551 liberet.
454 1528 475 1551 a
498 1516 649 1559 flagellis,

133 1588 216 1622 430.
232 1587 390 1628 Flagellis
416 1585 612 1627 flagitiorum

232 1635 409 1668 Monialem
437 1635 640 1668 daemonium

232 1684 417 1729 Suffocavit,
447 1693 517 1716 cum
546 1685 697 1717 decorum

230 1733 291 1765 Tui
317 1733 442 1774 sprevit
467 1733 666 1774 obsequium.

831 735 912 768 431.
928 734 1124 776 Obsequium
1146 734 1295 767 illicitum

926 784 1016 817 Haec
1041 783 1149 816 iuveni
1176 784 1255 816 dare
1280 783 1401 826 volens,

928 833 990 865 Per
1003 833 1156 872 templum
1171 840 1327 873 quaerens
1343 833 1463 864 exitum

926 880 1082 920 Nequivit
1105 881 1154 913 ire
1179 884 1212 912 te
1238 881 1359 912 coleuS.

830 947 911 980 432.
928 946 1043 980 Colens
1070 956 1196 979 rursum
1222 950 1254 978 te
1279 949 1436 986 temptata

925 996 1049 1027 Iterum
1073 996 1184 1027 volens
1211 995 1310 1036 exire,

925 1043 1004 1075 Mox
1028 1043 1136 1076 Maria
1158 1044 1307 1076 invocata

928 1090 1001 1123 Non
1027 1092 1131 1124 valuit
1153 1092 1342 1131 praeterire.

830 1159 911 1192 433.
925 1159 979 1191 Ire
1001 1161 1110 1191 tamen
1135 1158 1178 1190 ad
1202 1162 1370 1199 peccatum

927 1207 1052 1240 conans
1077 1207 1111 1238 in
1136 1215 1171 1238 se
1193 1207 1373 1248 proposuit,

926 1255 1019 1295 Quod
1043 1255 1172 1288 Mariae
1193 1264 1309 1288 nomen
1334 1259 1462 1295 gratum

925 1304 1072 1346 Taceret‚
1102 1307 1133 1335 et
1158 1304 1205 1335 sic
1231 1303 1362 1336 corruit.

829 1372 910 1405 434.
928 1371 1057 1405 Corruit
1080 1380 1144 1403 non
1169 1371 1318 1403 invocato

925 1420 1004 1460 Tuo,
1030 1419 1150 1461 Maria,
1175 1419 1316 1460 nomine,

925 1469 1017 1501 Tunc
1042 1468 1123 1500 ostio
1150 1470 1294 1500 reserato

926 1516 1097 1549 Diabolico
1122 1517 1263 1549 numine.

830 1586 910 1619 4:35.
926 1585 1067 1618 Numine
1091 1587 1157 1616 tam
1182 1583 1338 1625 pestifero

925 1634 977 1665 Ne
1003 1633 1155 1665 cadamus
1181 1634 1229 1665 sic
1252 1633 1285 1664 in
1311 1633 1376 1673 via,

927 1682 1025 1722 Signa
1050 1690 1109 1713 nos
1135 1680 1304 1713 salutifero

926 1730 1065 1762 Nomine
1090 1734 1155 1770 tuo,
1182 1730 1299 1763 Maria.

485 1802 566 1836 436.
580 1801 699 1841 Maria,
726 1808 817 1833 mare
841 1799 1009 1839 bonorum,

580 1852 714 1891 Inopem
739 1849 826 1881 hunc
850 1849 977 1880 intuere

579 1898 625 1932 Et
649 1899 754 1939 pressi
779 1897 863 1929 mole
886 1897 1045 1929 malorum

578 1947 766 1980 Misericors
792 1946 957 1980 miserere,

134 2096 391 2130 437.Miserere
415 2104 544 2136 semper
569 2094 643 2134 mei,

230 2144 341 2179 Mater
365 2144 618 2186 misericordiae,

229 2194 389 2228 Miserere
413 2193 510 2226 nimis
536 2193 595 2237 rei,

230 2242 342 2284 Virgo,
367 2242 518 2283 largitrix
544 2241 678 2282 gratiae.

131 2313 215 2347 438.
231 2310 365 2345 Gratiae
390 2311 433 2344 tis
459 2310 627 2352 plenitudo

230 2360 371 2394 Peccata
397 2368 468 2393 mea
492 2359 610 2400 deleat,

228 2409 274 2444 Et
298 2409 406 2441 meriti
431 2409 618 2450 magnitudo

229 2460 268 2492 In
294 2467 346 2490 me
371 2457 468 2491 fidem
494 2458 664 2499 adaugeat.

831 2093 912 2126 439.
927 2090 1101 2132 Adaugeat
1126 2092 1158 2122 et
1182 2099 1273 2130 spem
1298 2098 1418 2129 veram,

925 2140 1099 2173 Laetitiam
1126 2141 1158 2171 et
1183 2138 1335 2180 gaudium

926 2189 1168 2229 Caritatemque
1192 2188 1362 2231 sinceram,

926 2237 1060 2270 Gratiae
1084 2235 1285 2270 beneficium.

830 2307 912 2340 440.
927 2304 1124 2339 Beneficium
1149 2303 1229 2336 utile

926 2354 1021 2388 Aciei
1048 2353 1129 2387 dans
1152 2353 1298 2395 mentali,

922 2404 1042 2446 Maria,
1070 2402 1202 2435 firmans
1229 2403 1349 2435 humile

930 2452 993 2486 Cor
1018 2451 1136 2494 spiritu
1161 2452 1346 2493 principali.
