1655 2726
248 876 303 909 10.

248 1097 302 1129 11.

255 1319 308 1351 12.

249 1588 302 1620 13.

251 1820 305 1851 14.

249 2052 302 2084 15.

248 2283 302 2318 16.

777 111 1015 148 -86—

297 237 304 244 .
332 211 366 244 Si
390 219 468 243 vere
492 212 604 252 loquar
627 211 793 256 iustitiam,

334 259 448 293 Gratia
473 260 606 300 virginis
632 258 807 304 perficiam,

332 310 419 348 Quae
445 306 622 349 confortat,
649 317 690 339 ne
716 308 860 341 deficiam

331 357 382 389 Ac
405 364 447 387 ne
472 356 583 388 cadam
609 357 643 389 in
666 357 832 390 malitiam.

296 458 303 465 .
330 434 433 474 Eripe
454 441 506 464 me
530 434 570 465 ab
595 433 743 477 inimicis,

332 482 356 515 Ο
383 481 484 524 virgo,
511 485 613 514 mater
637 481 775 524 Domini,

332 531 413 570 Quia
438 530 583 562 omuibus
609 530 784 573 benedicis,

331 579 381 610 Tu
407 586 439 609 es
465 579 551 610 salus
579 579 654 611 data
678 579 806 612 homini.

330 655 419 688 Deus
444 655 626 696 reppulisti,
652 655 840 688 destruxisti

329 703 407 743 Nos,
440 703 498 735 sed
520 706 554 734 te
577 704 665 745 pium
686 702 864 743 ostendisti,

329 751 413 784 Dum
423 751 456 782 in
468 760 522 783 cor
528 751 660 792 virginis
671 752 865 784 descendisti

328 800 863 833 Etmortemnostramdestruxisti.

329 876 458 909 Exaudi
484 876 740 917 deprecationem

330 924 446 964 Meam,
474 925 574 967 virgo,
602 925 712 956 mundi
736 926 832 969 salus,

330 973 469 1013 Propter
492 973 526 1005 in
552 977 585 1005 te
611 974 810 1006 devotionem

330 1020 403 1053 Non
426 1029 478 1052 me
502 1021 612 1053 laedat
631 1021 732 1052 hostis
748 1023 863 1054 malus.

330 1097 445 1129 Nonne
469 1097 528 1129 tibi
553 1098 714 1129 subiectus
740 1099 810 1142 erit,

332 1145 392 1185 Qui
417 1145 524 1177 salvus
551 1154 621 1178 esse
646 1146 794 1185 quaerit?

331 1193 426 1226 Certe
448 1197 597 1233 potenter
614 1195 735 1226 hostem
753 1195 864 1236 laedit,

330 1242 391 1281 Qui
415 1250 450 1272 se
475 1244 576 1273 totum
600 1241 660 1273 tibi
687 1243 787 1275 dedit.

334 1317 433 1360 Deus,
459 1317 548 1349 Deus
573 1327 671 1360 meuS,
696 1318 792 1359 vigilo

330 1367 384 1398 Ad
418 1365 574 1406 virginem
605 1370 738 1398 matrem
763 1367 866 1407 respi-

638 1414 733 1457 ciens,

333 1462 377 1495 Ut
402 1462 488 1493 inter
512 1461 595 1494 filios
620 1460 720 1494 filiolo

328 1510 411 1542 Mihi
430 1518 484 1541 cor
501 1519 604 1542 meum
622 1510 665 1542 sit
679 1509 863 1550 perficiens.

328 1586 469 1627 Exaudi,
496 1587 597 1629 virgo,
621 1587 798 1619 orationem

330 1636 437 1668 Meam
469 1635 511 1667 ad
536 1636 599 1667 mei
623 1633 863 1678 perfectionem,

334 1684 381 1718 Ut
404 1691 465 1724 per
491 1683 597 1715 cordis
623 1692 764 1716 amorem

334 1733 438 1772 Super
463 1740 570 1763 omnes
596 1735 628 1763 te
652 1731 814 1765 honorem.

332 1819 379 1851 Te
406 1817 498 1849 decet
521 1818 591 1850 laus
618 1820 650 1850 et
674 1817 785 1859 honor,

329 1867 353 1900 O
380 1867 470 1906 virgo
495 1867 652 1906 speciosa,

329 1914 480 1947 Laudare
504 1923 581 1947 vere
603 1919 636 1947 te
661 1923 768 1955 conor,

330 1963 380 1996 Sis
405 1962 484 1995 mihi
509 1964 659 2003 gratiosa.

330 2049 482 2089 iubilate,
511 2050 679 2092 exsultate,

333 2098 459 2140 Virgini
482 2098 610 2130 laudem
637 2098 719 2141 date,

334 2148 443 2188 Ipsam
469 2155 509 2179 ex
536 2147 634 2180 corde
656 2147 815 2189 invocate,

328 2195 375 2228 Et
399 2195 551 2229 exaudiet
573 2194 719 2228 indilate.

329 2283 427 2323 Deus,
454 2283 645 2315 misereatur
669 2282 728 2325 illi,

331 2332 391 2372 Qui
415 2332 572 2374 virginem
598 2332 744 2370 honorat,

333 2379 445 2413 Gloria
468 2379 664 2423 perfruatur,

329 2429 388 2469 Qui
414 2437 483 2462 eam
507 2438 584 2463 vere
608 2428 769 2470 implorat.

941 210 995 243 17.

939 431 992 465 18.

938 665 994 697 19.

932 896 988 928 20.

934 1126 991 1160 21.

937 1357 992 1389 22.

936 1588 991 1621 23.

936 1820 992 1853 24.

941 2050 995 2084 25.

940 2283 995 2315 26.

1021 210 1185 251 Exsurget
1195 211 1283 243 Deus
1303 212 1332 241 et
1347 208 1556 249 dissipentur,

1026 259 1085 299 Qui
1111 268 1248 299 peccare
1271 267 1333 291 non
1359 260 1523 297 verentur,

1020 307 1093 347 Die,
1120 307 1221 348 virgo,
1247 311 1284 339 111
1309 307 1536 338 convertantur

1023 355 1084 396 Qui
1109 355 1157 387 sic
1180 355 1299 388 infirmi
1322 356 1497 388 morantur,

1021 431 1151 464 Salvum
1174 442 1226 465 me
1247 432 1309 473 fae,
1338 431 1417 464 caeli
1434 430 1555 472 regina,

1023 480 1110 520 Quae
1135 481 1246 513 hortus
1274 490 1307 514 es
1335 479 1512 518 conclusus,

1021 529 1058 561 Iu
1083 537 1143 569 quo
1170 533 1280 562 nostra
1305 528 1464 560 medicina

1024 577 1163 617 Spiritus
1191 578 1283 610 donis
1308 575 1468 617 perfusus,

1020 664 1107 696 Deus
1131 663 1166 695 in
1192 664 1386 697 adiutorium

1023 712 1071 744 Sit
1096 715 1299 751 peccatorum
1326 711 1475 751 omnium,

1019 760 1127 793 Mater
1151 760 1326 801 implorans
1351 759 1451 792 filium

1019 809 1082 841 Per
1107 808 1239 848 spiritus
1266 808 1443 841 consilium.

1016 895 1054 927 In
1078 897 1122 935 te,
1147 895 1248 935 virgo,
1277 895 1406 934 speravi

1016 943 1063 975 Et
1086 943 1223 983 gratiam
1248 942 1400 985 quaesivi,

1016 991 1100 1023 Dum
1124 1000 1262 1032 peecare
1287 992 1419 1031 cessavi,

1018 1039 1140 1081 Inveni,
1167 1040 1252 1080 quod
1278 1039 1380 1072 amisi.

1016 1126 1116 1165 Deus„
1143 1126 1298 1157 iudicium
1320 1128 1409 1157 tuum
1436 1126 1487 1168 da,

1019 1174 1083 1207 Sed
1093 1182 1153 1214 pro
1159 1174 1260 1217 nobis,
1276 1176 1377 1205 mater
1386 1174 1486 1218 virgo,
1499 1177 1560 1213 sta,

1017 1222 1083 1255 Ubi
1107 1224 1157 1253 tot
1181 1225 1213 1253 et
1237 1224 1327 1253 tanta
1352 1223 1444 1261 mira,

1019 1270 1068 1302 Ne
1093 1279 1150 1301 nos
1175 1270 1291 1302 iudicis
1318 1273 1429 1311 tangat
1452 1270 1511 1302 ira.

1021 1357 1120 1396 Quam
1144 1356 1247 1388 bonus
1272 1356 1360 1389 Deus
1385 1357 1498 1397 Israel,

1021 1405 1081 1444 Qui
1107 1413 1147 1436 ex
1171 1405 1297 1446 virgine
1321 1414 1379 1436 nos
1405 1405 1553 1447 redemit,

1021 1453 1144 1486 Nomen
1171 1453 1237 1484 eius
1262 1453 1463 1494 Emmanuel,

1019 1501 1080 1540 Qui
1108 1509 1185 1533 vere
1209 1510 1318 1534 servos
1343 1511 1401 1534 nos
1428 1502 1555 1534 exemit.

1017 1587 1064 1620 Ut
1088 1587 1175 1627 quid,
1198 1588 1295 1628 Deus,
1323 1597 1380 1620 nos
1398 1588 1558 1631 repulisti,

1021 1636 1102 1675 Quia
1126 1639 1162 1667 tu
1186 1635 1287 1669 filium
1313 1637 1441 1678 misisti,

1018 1685 1081 1717 Pro
1107 1693 1168 1724 quo
1194 1685 1330 1718 Mariam
1359 1686 1494 1726 elegisti,

1016 1732 1101 1764 Dum
1126 1741 1184 1764 nos
1209 1733 1350 1766 liberare
1375 1733 1507 1766 fecisti?

1017 1817 1256 1856 Confitebimur‚
1284 1820 1374 1861 virgo
1401 1826 1514 1861 mater,

1019 1867 1110 1907 Quod
1134 1876 1194 1899 1100
1219 1871 1330 1901 uterus
1349 1872 1422 1902 tuus
1444 1871 1556 1914 doluit,

1018 1915 1103 1947 Dum
1124 1916 1282 1956 gloriosus
1307 1916 1397 1949 Deus
1424 1923 1518 1959 pater

1018 1963 1069 1995 Ex
1094 1966 1127 1995 te
1151 1963 1253 1996 filium
1278 1966 1370 1998 nasci
1394 1968 1506 2001 voluit.

1023 2050 1126 2082 Notus
1150 2051 1184 2082 in
1210 2052 1331 2085 Iudaea
1355 2063 1489 2095 magnus

1021 2098 1125 2130 Filius
1151 2105 1235 2142 tuus,
1261 2101 1323 2133 Dei
1350 2111 1459 2147 agnus,

1021 2147 1085 2179 Pro
1118 2150 1261 2188 peccatis
1286 2151 1406 2183 nostris
1432 2152 1559 2186 oblatus

1021 2195 1067 2227 Et
1090 2205 1111 2227 a
1133 2196 1262 2230 Iudaeis
1287 2198 1481 2235 immolatus.

1022 2282 1109 2315 Voce
1133 2284 1176 2316 ad
1200 2288 1243 2327 te,
1270 2287 1370 2331 virgo,
1400 2289 1547 2333 clamavi,

1021 2331 1106 2364 Dum
1131 2338 1301 2372 peccatum
1324 2345 1376 2368 me
1402 2340 1549 2380 corrosit,

1019 2379 1065 2413 Et
1089 2380 1239 2422 spiritum
1263 2392 1369 2417 meum
1394 2388 1536 2431 scopavi,

1022 2428 1069 2462 Ut
1092 2429 1274 2465 immolatus
1299 2434 1380 2466 mihi
1404 2436 1520 2476 prosit.
