1655 2726
288 257 368 290 991.
382 256 565 297 Principem
590 259 694 288 autem
721 256 843 297 gloriae

379 304 457 337 Cum
481 314 538 336 sua
563 313 626 336 non
652 304 720 336 vult
745 305 852 336 anima

379 353 409 383 A
434 354 499 394 tua,
525 353 624 395 virgo,
653 351 737 384 facie

378 399 537 439 Egressus
561 400 796 432 honestissima.

881 158 951 193 184
998 179 1047 183 —

975 257 1054 290 992.
1069 255 1304 289 Honestissima
1330 255 1500 296 virginum,

1067 303 1150 335 Mihi
1176 313 1304 345 semper
1329 302 1508 344 appropria

1067 351 1300 385 Remissionem
1327 351 1495 383 criminum

1067 399 1167 440 Dans,
1192 400 1311 441 Maria,
1338 408 1408 431 cum
1435 398 1550 439 gloria.

604 468 682 501 993.
699 467 811 500 Gloria
834 476 966 500 manens
988 467 1146 498 immensa

698 515 797 547 Vobis
823 525 843 548 a
867 516 983 547 vestris
1008 514 1158 556 subditis,

697 562 762 594 Fili
787 572 878 604 pure,
905 566 1009 595 mater
1035 572 1126 603 pura,

699 612 758 650 Qui
786 612 908 643 caelum
935 611 1033 644 verbo
1058 610 1220 645 clauditis

285 768 363 801 994.
379 766 515 799 Domine
541 776 607 809 rex,
637 767 790 799 exaudias

377 815 494 847 Matris
520 819 594 847 tuae
616 815 808 855 mancipium

375 862 420 894 Et
443 872 503 903 per
527 864 610 895 banc
635 872 686 894 me
711 862 872 903 perficias,

378 910 513 954 Christe,
533 912 719 952 redemptor
736 912 886 944 omnium.

286 980 364 1013 995.
379 979 524 1011 Omnium
553 979 673 1012 Christi
704 988 863 1011 servorum

375 1027 422 1059 Te
448 1028 563 1060 adorat
587 1028 756 1066 exercitus,

374 1075 490 1118 Maria,
519 1085 593 1116 spes
619 1076 858 1117 salvandorum,

377 1124 500 1163 Illapsa
524 1124 617 1156 nobis
644 1124 787 1157 caelitus

282 1192 362 1224 996.
379 1190 519 1223 Caelitus
544 1191 637 1223 nobis
664 1189 767 1223 effluit

377 1240 440 1272 Per
464 1242 498 1271 te
521 1239 753 1280 misericordia,

377 1287 422 1319 Et
440 1295 495 1319 cor
513 1290 667 1327 nostrum,
686 1287 772 1327 quod
789 1287 884 1327 aruit,

380 1334 534 1367 Caelestis
559 1335 661 1366 intrat
685 1335 800 1375 gratia.

262 1481 363 1513 1000.
378 1480 530 1520 Benedic,
557 1480 664 1512 anima
688 1488 769 1519 mea,

379 1528 516 1561 Sanctae
540 1529 666 1561 Mariae
690 1528 817 1568 virgini,

379 1576 425 1609 Ut
449 1577 596 1617 proxima
617 1576 677 1608 tibi
705 1585 742 1608 ea

379 1624 503 1657 Cedant
527 1626 680 1658 tenebrae
702 1624 826 1656 lumini.

263 1694 364 1726 1001.
379 1692 504 1725 Lumini
532 1696 607 1724 tuae
632 1692 756 1733 gratiae

377 1740 506 1785 iungar,
535 1742 623 1780 virgo
650 1740 837 1783 clarissima,

379 1790 442 1821 Per
467 1790 551 1829 quod
577 1789 638 1821 soli
662 1788 804 1820 iustitiae

380 1837 449 1870 Sint
475 1846 557 1877 pura
583 1837 688 1868 cordis
713 1836 838 1868 intima.

261 1905 365 1938 1002.
380 1902 499 1937 Intima
523 1905 565 1936 sit
589 1904 752 1936 humilitas

381 1952 428 1984 Te
451 1952 584 1985 laudare
609 1952 756 1992 sollicita,

379 2002 496 2044 Mater,
526 2001 613 2032 cuius
639 1999 820 2032 fecunditas

380 2048 464 2081 Solis
489 2049 621 2081 reduxit
644 2048 759 2082 orbita.

263 2118 364 2150 1003.
380 2116 494 2150 Orbita
519 2116 681 2149 desideria

379 2165 417 2197 111
443 2174 493 2197 me
521 2165 574 2197 diu
602 2164 785 2196 caelestium

381 2213 508 2246 Suscita
529 2216 584 2245 tua
609 2213 724 2255 gratia,

380 2262 482 2295 Beata
507 2270 581 2303 spes
605 2261 797 2293 mortalium.

261 2329 364 2363 1004.
379 2329 566 2362 Mortalium
592 2328 760 2370 spiritibus

378 2378 495 2418 Aegris
520 2378 607 2410 salus
632 2376 825 2419 refunditur,

379 2426 466 2470 Tuis,
494 2427 594 2467 virgo,
622 2425 793 2459 virtutibus

376 2473 493 2514 Lapsis
518 2474 599 2507 fides
625 2474 807 2507 revertitur.

894 698 946 731 CI.

972 766 1052 799 997.
1067 765 1183 798 Gratia
1209 769 1263 798 tua
1287 767 1366 798 mihi
1388 767 1444 798 det

1068 813 1237 847 Salubrem
1264 818 1375 855 potum
1400 813 1542 856 fletuum,

1067 862 1128 901 Qui
1152 873 1203 895 me
1229 867 1345 904 purget
1368 867 1402 895 et
1425 863 1545 895 solidet

1065 910 1109 942 Et
1134 920 1220 944 nunc
1246 916 1277 943 et
1301 913 1335 943 in
1361 914 1566 952 perpetuum.

972 979 1049 1013 998.
1063 978 1259 1018 Perpetuam
1286 980 1366 1012 dant
1390 980 1542 1011 honorem

1065 1026 1195 1059 Nomini
1220 1031 1275 1060 tuo
1301 1028 1423 1069 populi,

1065 1074 1190 1114 Hisque
1215 1085 1250 1107 se
1276 1076 1333 1108 dat
1353 1076 1547 1108 salvatorem

1066 1122 1212 1155 Christus
1237 1125 1270 1155 in
1294 1123 1359 1156 fine
1383 1124 1516 1157 saeculi.

970 1191 1050 1223 999.
1066 1190 1193 1223 Saeculi
1218 1192 1325 1223 salvas
1352 1192 1516 1232 scelestos,

1065 1239 1160 1271 Omni
1185 1240 1284 1272 laude
1311 1240 1509 1282 dignissima,

1064 1286 1191 1319 Mariae
1216 1297 1274 1329 per
1301 1288 1369 1320 dies
1395 1287 1497 1322 festos

1065 1335 1175 1367 Omnis
1202 1336 1340 1368 benedic
1365 1337 1481 1369 anima.

881 1411 950 1444 ΟΠ.

949 1480 1051 1513 1005.
1065 1481 1253 1514 Revertitur
1279 1485 1310 1514 et
1334 1483 1482 1523 placatus

1067 1529 1120 1561 Ad
1147 1531 1245 1562 corda
1270 1531 1504 1571 paenitentium

1066 1577 1129 1609 Per
1156 1581 1228 1611 tuos
1254 1579 1342 1611 Deus
1368 1582 1520 1620 precatus

1064 1625 1197 1659 Donans
1224 1628 1269 1659 eis
1293 1628 1482 1661 remedium.

947 1692 1254 1727 1006.Remedium
1280 1699 1418 1740 gratum,
1446 1700 1561 1737 mater,

1064 1741 1135 1774 Tua
1159 1752 1257 1784 prece
1283 1745 1340 1776 dat
1364 1745 1478 1777 sedula

1064 1789 1168 1823 Filius
1192 1792 1260 1824 sive
1285 1793 1313 1824 is
1339 1797 1443 1837 pater,

1065 1838 1125 1877 Qui
1150 1843 1202 1872 est
1226 1843 1258 1872 et
1280 1845 1355 1873 ante
1380 1842 1519 1875 saecula.

947 1904 1049 1937 1007.
1067 1904 1205 1939 Saecula
1229 1916 1343 1949 regens
1368 1910 1485 1952 omnia,

1066 1953 1165 1993 Quem
1191 1956 1372 2001 adlactasti,
1400 1958 1557 1991 Dominus

1066 2002 1132 2033 Dat
1155 2003 1215 2035 tibi
1240 2014 1298 2045 pro
1325 2004 1450 2039 familia

1065 2050 1187 2083 Aurem
1219 2053 1394 2094 benignam
1420 2056 1578 2095 protinus.

948 2117 1052 2150 1008.
1067 2118 1217 2152 Protinus
1244 2130 1319 2162 erg-0
1346 2123 1462 2164 rogita,

1065 2166 1183 2209 Maria,
1210 2178 1270 2209 pro
1296 2169 1430 2212 familia,

1067 2213 1113 2246 Ut
1138 2223 1175 2249 ea
1200 2216 1288 2251 facta
1310 2220 1436 2259 placita

1066 2262 1135 2295 Deo
1161 2267 1248 2305 patri
1273 2268 1317 2299 sit
1341 2269 1454 2309 gloria.

951 2329 1051 2362 1009.
1069 2329 1181 2365 Gloria
1205 2343 1338 2368 manens
1362 2337 1521 2371 immensa

1071 2379 1168 2413 Vobis
1193 2392 1213 2415 a
1238 2385 1355 2417 vestris
1381 2386 1532 2427 subditis

1068 2427 1133 2460 Fili
1158 2440 1248 2473 pure,
1272 2436 1377 2466 mater
1400 2445 1494 2476 pura,

1069 2476 1129 2515 Qui
1155 2481 1278 2512 caelum
1301 2482 1400 2514 verbo
1420 2483 1582 2521 clauditis=
