1655 2726
775 136 1039 171 —162—

233 238 391 272 594.1vie
415 238 455 269 ob
488 237 549 269 hoc
574 236 606 267 in
632 235 778 267 ordinem

331 285 490 317 Dominici
517 284 567 314 vir
591 283 740 322 placitus,

331 332 388 365 Cui
415 333 494 365 dans
522 330 610 371 prius
637 330 790 371 originem

329 379 459 412 Dedisti
488 377 620 411 formam
647 377 786 409 habitus.

241 446 483 489 595.Habitus,
510 445 627 485 Maria,
654 443 790 476 formam

332 494 521 533 Ostendens,
548 493 674 525 auctrix
700 491 833 531 ordinis,

333 542 533 574 Dominicum
571 541 628 572 das
654 541 686 572 in
712 547 867 577 normam,

331 590 574 622 Destructorem
599 587 756 621 libidinis.

932 233 1012 266 596.
1029 230 1193 263 Libidinis
1221 229 1442 270 exstirpatrix,

1029 278 1196 311 Castitatis
1221 279 1274 310 lex
1300 276 1445 317 propria,

1026 326 1106 358 Esto
1134 326 1212 357 mihi
1237 323 1443 366 procuratrix

1025 372 1218 405 Meritorum
1243 373 1278 404 in
1303 371 1419 413 gloria.

934 442 1014 475 597,
1030 439 1144 473 Gloria
1168 440 1238 479 tihi,
1262 439 1379 481 Maria,

1028 488 1090 520 Per
1115 497 1209 528 quam
1232 487 1342 527 piatur
1366 485 1496 525 impius,

1028 535 1124 567 Cuius
1149 536 1221 576 ipse
1245 535 1342 566 laude
1368 534 1423 575 pia

1027 583 1177 616 Maneam
1204 583 1378 616 solitarius.

847 672 934 704 LXI.

234 746 313 778 598.
328 744 473 776 Domnae
498 743 558 774 tibi
583 742 736 775 subiciam

330 793 392 824 Cor
418 796 449 823 et
475 799 601 831 corpuS,
631 800 648 823 o
674 790 794 831 regina,

330 840 375 873 Ut,
398 839 533 871 habeam
559 839 732 879 propitiam

330 888 377 919 Te
403 886 571 919 confestim
597 887 629 918 in
656 887 759 918 ruina.

234 956 314 990 599.
331 955 368 987 ln
396 956 490 987 ruina
513 954 688 986 novissima

327 1003 394 1036 Mei
420 1004 527 1044 gravis
554 1002 734 1042 corpusculi

330 1052 362 1084 A
387 1055 420 1083 te
446 1054 589 1083 sumatur
615 1051 720 1082 anima

331 1099 404 1141 Tui,
430 1099 545 1142 Maria,
571 1097 694 1131 famuli.

239 1167 463 1202 600.Famuli
488 1166 649 1198 secundae
673 1166 787 1198 mortis

336 1214 392 1247 Me
416 1220 536 1255 ponent
561 1216 597 1245 ut
620 1214 801 1252 maceriam,

336 1262 408 1295 Nisi
434 1263 569 1303 pandaS,
598 1263 686 1303 virgo
713 1260 818 1302 fortis,

339 1311 440 1343 Tuam
465 1311 545 1342 mihi
569 1311 759 1349 potentiam.

242 1379 323 1412 601.
338 1378 517 1410 Potentiam
542 1377 723 1409 mirabilem

335 1426 447 1465 Tuam,
474 1425 591 1465 Maria,
619 1426 703 1465 sitio,

337 1474 426 1513 Quae
451 1473 535 1505 iuvit
556 1482 618 1504 non
646 1473 837 1513 culpabilem

339 1521 497 1554 Clericum
524 1522 556 1552 in
582 1521 741 1554 incendio.

242 1591 321 1623 602.
337 1589 493 1621 lucendio
520 1596 617 1620 carne
641 1589 697 1629 pia

336 1636 441 1669 Laesa
468 1637 554 1669 nudo
580 1637 642 1668 iam
669 1637 820 1677 pulmone

339 1684 489 1718 Cautavit,
512 1684 582 1717 Ave
604 1684 723 1717 Maria

337 1733 482 1765 Iucunda
507 1733 685 1767 devotione.

248 1802 327 1834 603.
342 1800 521 1833 Devotione
546 1802 610 1831 tam
636 1800 719 1831 mira

341 1849 508 1890 Percepta,
539 1857 630 1887 quam
654 1848 728 1880 huic
747 1847 875 1890 dedisti,

338 1896 445 1937 Magis
471 1899 574 1928 motus
602 1896 731 1936 quidam
758 1895 810 1927 via

342 1943 516 1977 Suffocavit
541 1952 668 1976 servum
695 1944 826 1978 Christi.

926 740 1007 772 604.
1022 739 1141 772 Christi
1169 738 1325 779 genetrix,
1352 738 1469 782 Maria,

1023 788 1144 829 Campo
1170 786 1307 827 sepultis
1333 787 1459 819 ossibus

1022 834 1166 867 Decoras
1191 843 1251 876 pro
1277 833 1344 868 fide
1369 836 1424 876 pia

1022 883 1192 916 Miraculis
1218 883 1303 915 hunc
1326 884 1485 924 pluribus.

930 953 1008 985 605.
1024 951 1239 992 Pluribusque
1264 951 1441 984 virtutibus

1025 1000 1171 1032 Ostensis
1196 1003 1253 1032 tua
1278 1000 1384 1039 gratia

1027 1047 1152 1081 Ibidem
1177 1048 1241 1079 tuis
1263 1048 1415 1080 laudibus

1028 1097 1131 1128 Facta
1156 1095 1219 1128 fuit
1244 1097 1390 1131 ecclesia.

932 1166 1011 1197 606.
1027 1163 1177 1196 Ecclesia
1202 1166 1270 1196 tota
1295 1163 1357 1197 Dei

1027 1211 1130 1245 Tuam
1155 1212 1325 1253 praedicat
1349 1212 1495 1254 gloriam,

1030 1259 1162 1293 Veniam
1190 1260 1247 1292 das
1275 1262 1359 1294 enim
1386 1262 1414 1293 ei

1029 1307 1072 1340 Et
1097 1309 1131 1340 in
1156 1309 1264 1341 hostes
1290 1310 1479 1352 potentiam.

935 1375 1013 1409 607.
1028 1376 1211 1408 Potentiam
1238 1380 1342 1410 morte
1366 1381 1454 1410 tuam

1030 1424 1126 1457 quta
1151 1433 1212 1467 me,
1240 1425 1358 1464 Maria,
1385 1435 1481 1467 pone,

1031 1471 1075 1504 Ut
1100 1474 1253 1505 virtutem
1278 1474 1385 1507 hostes
1411 1484 1500 1507 suam

1031 1520 1101 1553 Tua
1125 1522 1266 1562 perdant
1291 1524 1424 1556 visione.

938 1588 1017 1620 608.
1033 1587 1166 1621 Visione
1189 1589 1254 1621 iam
1281 1591 1436 1623 virtutum

1032 1636 1173 1669 Tuarum
1198 1638 1269 1669 visa
1294 1640 1391 1671 litera

1034 1684 1185 1718 Carnalia
1209 1686 1298 1719 velut
1324 1688 1426 1720 lutum

1031 1732 1160 1765 Evitem
1185 1737 1217 1765 et
1241 1738 1277 1766 ut
1300 1745 1409 1770 onera.

938 1800 1017 1833 609.
1032 1800 1139 1833 Onera
1162 1803 1275 1834 mundi
1299 1802 1430 1849 fugiam,

1033 1848 1110 1887 Quis
1136 1850 1200 1882 iam
1225 1859 1357 1890 pressus
1381 1852 1429 1885 fui
1453 1863 1541 1895 reus,

1034 1897 1096 1929 Per
1121 1901 1219 1940 tuam,
1242 1903 1356 1943 mater,
1383 1903 1521 1943 gratiam

1033 1945 1145 1986 Sitque
1167 1947 1293 1987 pondus
1320 1959 1424 1982 meum
1451 1951 1551 1986 Deus

852 2022 960 2055 LXII.

247 2092 326 2124 610.
341 2089 439 2130 Deus,
466 2089 565 2130 Deus,
593 2088 649 2120 lux
676 2089 716 2121 de
740 2088 822 2126 luce,

342 2138 395 2169 Ad
423 2147 515 2179 quem
540 2139 647 2168 mente
669 2137 866 2178 vigilandum

342 2187 459 2219 Matris
484 2193 581 2227 prece
603 2187 669 2217 tete
692 2185 772 2217 duce

343 2234 449 2267 Vitem
474 2234 538 2266 iter
563 2233 757 2266 evitandum.

248 2303 328 2337 611.
343 2302 517 2335 Vitandum
542 2310 696 2340 somnum,
722 2300 841 2344 Maria,

342 2350 411 2383 Fac
434 2359 486 2383 me
510 2358 637 2390 semper
662 2349 794 2389 evitare,

346 2399 479 2432 Visione
506 2399 639 2440 dignans
665 2398 720 2438 pia

345 2448 509 2488 Quendam
539 2448 700 2488 quondam
730 2445 881 2482 excitare.

939 2090 1018 2122 612.
1032 2090 1121 2123 Arae
1141 2092 1212 2125 loco
1240 2094 1462 2139 dormientem,

1032 2137 1149 2183 Maria,
1178 2142 1375 2184 corripuisti,

1033 2186 1191 2221 Asserens
1217 2199 1285 2222 rem
1308 2193 1515 2228 indecentem

1032 2234 1071 2268 In
1097 2238 1216 2278 templo
1242 2238 1373 2274 Domini
1400 2242 1534 2279 Christi.

939 2303 1019 2335 613.
1035 2302 1157 2336 Christi
1181 2310 1293 2350 mater,
1321 2313 1398 2342 tunc
1416 2321 1578 2352 apparens

1037 2352 1090 2384 Ad
1118 2356 1306 2389 monachum
1334 2360 1551 2407 excit-andum,

1039 2400 1172 2443 Pellam,
1199 2408 1236 2436 ut.
1262 2406 1420 2439 virescam
1446 2389 1554 2454 arensz

1039 2447 1145 2482 Otium
1171 2461 1190 2485 a
1214 2462 1267 2485 me
1292 2455 1469 2489 vitandum.
