1655 2726
689 125 729 130 —-
782 106 947 142 206—

157 202 261 236 1377.
276 202 427 244 Desuper
454 203 533 236 dare
556 204 653 235 solita
850 205 952 238 1378.
969 204 1061 244 Veni,
1087 203 1226 235 Mariam
1250 202 1387 234 laudare

274 250 349 283 Seni
374 260 502 283 manum
529 255 562 283 et
585 251 703 291 iuveni,
969 252 1039 291 Cor,
1068 251 1150 293 quod
1173 250 1260 290 capis
1278 249 1364 281 bona
1380 252 1479 291 tanta,

275 298 392 339 Maria,
418 308 535 339 parens
560 298 682 339 inolita,
965 300 1050 332 Huic
1076 305 1201 332 cantum
1227 298 1401 340 singulare,

275 347 465 387 Redemptis
493 357 555 387 ope
577 348 722 380 subveni.
968 349 1021 391 Os,
1049 348 1182 381 distinte
1207 355 1335 388 semper
1358 348 1463 380 canta.

744 455 889 488 CXLIX.

156 540 262 573 1379.
280 540 414 572 Caritate
438 549 580 573 summae
605 541 723 582 virgini
850 542 952 577 1382,
968 541 1120 574 Debitum
1140 540 1332 573 sacrificium

271 588 411 630 Laudes,
439 587 498 621 filii
522 589 695 629 hominum,
966 590 1051 631 Tibi,
1078 589 1195 629 Maria,
1222 588 1386 630 solvimus,

275 636 372 669 Cuius
398 637 511 677 psallit
534 640 566 668 et
590 637 709 670 nomini
965 638 1009 671 Ut
1031 638 1152 670 alleves
1179 636 1356 674 fastidium,

274 684 398 717 Chorus
423 687 567 717 sacratus
593 685 760 726 virginum.
965 686 1063 719 Horis
1090 686 1205 726 quietis
1230 685 1408 725 psallimus,

158 771 262 804 1380.
278 771 444 811 virginum
471 772 686 812 virginitatem
848 772 1138 807 1383.Psa111mus
1163 774 1216 805 tuo
1241 772 1373 810 nomini,

276 819 394 859 Vincis,
420 819 579 860 virginum
605 820 716 861 gloria,
968 820 1062 853 Cuius
1091 822 1243 852 immensa
1267 821 1417 861 dignitas,

277 867 333 899 Cui
360 871 494 907 propter
519 866 748 900 fecunditatem
967 867 1011 901 Ut
1036 878 1094 902 nos
1114 868 1221 912 ducas,
1249 869 1318 902 laus
1336 869 1475 912 Domini,

274 914 387 947 Genua
410 918 546 948 curvant
569 916 685 950 omnia.
967 917 1018 949 Ad
1044 917 1157 956 lucem,
1184 925 1278 957 quam
1303 917 1477 950 inhabitas.

154 1001 387 1034 1381.0mnia
412 1001 495 1034 bona
520 1002 699 1042 possidens,
845 1003 1127 1036 1384.1uhabitas
1153 1005 1184 1035 et
1210 1004 1329 1035 emines

271 1049 387 1088 Maria,
418 1050 507 1081 dives
534 1050 678 1090 divitum,
964 1050 1069 1083 Caelis
1094 1051 1217 1083 meritis
1242 1052 1400 1093 providis,

272 1097 371 1135 Velia
396 1097 429 1129 in
456 1097 570 1129 throno
596 1098 753 1140 residens,
962 1099 1126 1138 Perquam
1136 1099 1252 1139 palmis
1262 1100 1326 1132 iam
1336 1100 1479 1132 homines

270 1144 397 1177 Laxare
421 1146 521 1185 gratis
549 1145 702 1178 debitum.
958 1147 1111 1179 Ditautur
1138 1148 1218 1179 bene
1241 1148 1385 1188 fulgidis

496 1232 600 1265 1385.
614 1232 763 1273 Fulgidis
787 1233 911 1274 angelis
937 1233 998 1265 Dei

613 1280 729 1320 Maria,
756 1280 937 1313 committat
961 1291 981 1313 a
1005 1284 1047 1321 te,

618 1328 722 1368 Super
746 1337 807 1369 quo
832 1338 898 1370 vos,
924 1337 1034 1361 sensus
1054 1330 1127 1369 mei,

612 1376 707 1409 Hanc
730 1379 842 1418 rogate
868 1379 900 1408 et,
923 1377 1065 1411 laudate.

777 1491 840 1527 GL.

151 1576 255 1611 1386.
271 1576 418 1609 Laudate
442 1580 577 1610 matrem
601 1577 741 1618 Domini,
844 1579 945 1613 1389.
963 1580 1115 1613 Custodia
1146 1581 1245 1613 clausi
1271 1585 1326 1614 tua

267 1625 342 1666 Ora,
370 1626 470 1658 eorda
493 1625 649 1669 fidelium,
961 1628 1091 1668 Optime
1111 1629 1174 1661 sibi
1199 1630 1381 1674 provident,

269 1674 367 1713 Quam
394 1674 448 1715 pie
475 1674 566 1707 dedit.
590 1674 710 1706 homini
959 1676 1117 1709 Tenentes
1144 1680 1176 1709 te
1203 1683 1310 1711 mente
1335 1689 1394 1712 sua

269 1720 362 1754 Salus
387 1725 463 1754 ante
486 1722 692 1763 principium.
961 1723 1067 1757 Vitam
1092 1725 1221 1758 beatam
1246 1727 1423 1766 possident,

151 1806 252 1841 1387.
269 1807 476 1848 Principium,
503 1817 521 1840 o
547 1808 665 1850 Maria,
841 1811 945 1844 1390.
962 1811 1132 1844 Possident
1158 1813 1243 1845 dona
1267 1814 1364 1848 beata

264 1855 399 1888 Aeterni
424 1855 512 1889 faeta
537 1855 688 1897 foederiS,
958 1859 1075 1892 Mortis
1099 1869 1211 1894 sacrae
1238 1865 1440 1905 compendio,

268 1903 411 1945 Semper,
438 1913 478 1937 ne
505 1905 623 1937 cadant
644 1906 678 1937 in
703 1904 766 1946 via,
960 1908 1026 1948 Quo
1050 1908 1137 1947 patri
1162 1909 1200 1941 fis
1227 1912 1378 1950 copulata

268 1951 411 1985 Salutem
436 1962 534 1993 posce
558 1954 696 1987 miseris
958 1955 1102 1997 Eiusque
1126 1958 1188 1989 soli
1212 1957 1288 1992 filio.

150 2040 252 2074 1388.
267 2039 407 2081 Miseris,
434 2040 550 2080 Maria,
579 2041 676 2079 daris,
844 2041 1055 2086 1391.Fifio‚
1082 2044 1198 2088 Maria,
1226 2049 1280 2079 tuo

267 2087 370 2120 Plena
392 2088 625 2130 misericordia,
961 2089 1029 2123 Nos
1057 2091 1119 2125 eito
1144 2095 1328 2140 reconcilia,

265 2135 324 2169 Eis
349 2145 424 2178 ergo
450 2137 622 2178 singularis
961 2138 1007 2172 Ut
1030 2140 1124 2173 nobis
1148 2142 1183 2174 in
1206 2152 1307 2186 reg-no
1332 2155 1390 2180 suo

270 2183 320 2217 Sis
345 2186 475 2226 praesul
503 2188 536 2217 et
560 2185 714 2218 custodia.
959 2187 1116 2222 Perennis
1139 2189 1241 2224 instet
1264 2193 1377 2234 gloria.

494 2273 598 2308 1392.
612 2271 735 2316 Gloria,
760 2271 924 2317 iubilatio,

611 2321 735 2364 Honor,
763 2322 870 2363 decus,
897 2323 1066 2363 imperium

613 2369 697 2411 Tibi,
723 2372 835 2413 mater,
863 2379 935 2404 oum
960 2371 1036 2414 filio,

614 2418 691 2451 Sors
717 2422 750 2451 et
774 2428 901 2461 corona,
926 2423 1117 2462 praemium.
