1655 2726
765 142 1001 179 -74—

241 242 296 275 39.
322 242 403 285 Ave,
430 249 512 283 quae
538 241 578 273 de
602 242 802 281 paupertatis
930 242 984 274 45.
1011 241 1092 282 Ave,
1119 250 1211 282 quam
1238 238 1482 282 praeordinavit

322 290 413 323 Lacu
440 289 536 322 ducta
562 289 690 321 deitatis
1012 289 1081 321 Sibi
1107 292 1139 321 et
1162 289 1377 322 sanctificavit

372 337 501 371 Gaudes
526 336 559 368 in
585 338 736 378 triclinio,
1062 337 1207 370 Christus
1231 335 1484 375 tabernaculum,

323 386 370 418 Te
395 389 584 427 quaerentes
610 384 662 418 fac
686 386 802 418 laetari
1012 385 1057 419 Ut
1083 395 1229 419 vacemus
1255 388 1361 418 mente
1385 383 1465 423 Deo,

321 434 359 467 In
386 437 419 466 te
444 442 571 473 semper
594 443 655 466 nec
678 434 803 467 turbari
1013 434 1101 466 Tuae
1126 436 1221 467 cedat
1244 434 1332 467 ferus
1356 434 1406 466 leo

370 482 483 515 Hostis
510 483 708 516 exterminio.
1060 483 1169 515 Precis
1194 492 1254 523 per
1278 481 1488 515 obstaculum.

241 561 297 593 40.
324 560 406 598 Ave,
433 560 627 600 resurgentis
653 563 766 602 mater,
930 560 986 592 46.
1012 559 1094 602 Ave,
1121 559 1190 592 Deo
1215 569 1298 601 quae
1320 557 1478 600 plausisti,

326 608 427 647 Quam
449 607 483 640 in
504 616 563 639 sua
583 608 672 640 Deus
696 611 789 649 pater
1010 608 1246 640 Ascendentem
1275 609 1348 641 dum
1375 606 1487 638 vidisti

374 655 581 688 confirmavit
604 655 697 699 facie,
1060 656 1221 690 Christum
1246 657 1321 689 hinc
1344 657 1378 688 in
1401 654 1516 694 iubilo,

324 704 374 736 Tu
398 713 458 744 per
481 704 585 744 ipsum
611 714 669 736 nos
694 713 857 745 conserva,
1012 704 1059 737 Ut
1085 713 1154 736 cum
1177 705 1297 736 sanctis
1316 710 1544 744 congregemur

324 752 377 784 Ne
402 754 585 785 sanctorum
612 762 627 784 a
657 755 786 785 caterva
1014 752 1065 784 Ad
1087 752 1203 793 ipsum,
1230 761 1290 793 per
1306 756 1339 784 te
1354 751 1546 784 mundemur

373 800 496 832 Trahat
521 809 579 832 rex
605 799 763 833 fallaciae.
1059 800 1091 833 A
1117 801 1281 841 culparum
1305 800 1425 833 nubilo.

241 878 299 910 41.
326 878 406 917 Ave,
434 885 515 917 quae
540 877 582 909 ad
607 876 728 909 fontem
750 878 837 909 vitae
929 878 985 910 47.
1011 878 1091 921 Ave,
1119 886 1193 919 spes
1221 878 1414 911 desiderata.

328 926 442 969 suisti,
471 934 565 965 quem
589 926 699 957 hauris
725 926 787 957 rite
1011 925 1060 957 Tu
1085 927 1121 957 ut
1146 925 1222 958 Sion
1247 935 1280 957 es
1306 924 1442 958 fundata

375 973 470 1005 Nunc
493 973 527 1004 in
553 974 642 1013 regni
668 974 786 1014 medio,
1059 973 1171 1014 Magni
1195 974 1280 1014 regis
1308 974 1431 1012 civitas,

327 1021 403 1061 Ipso
432 1022 515 1054 dona
540 1030 598 1053 nos
623 1022 739 1062 potari,
1011 1021 1058 1053 Te
1084 1030 1137 1053 cor
1156 1025 1297 1053 nostrum
1319 1021 1542 1062 amplectatur,

326 1069 373 1102 Ut
397 1069 555 1109 possimus
580 1070 750 1101 memorari
1010 1068 1057 1101 Ut
1081 1069 1114 1101 in
1141 1078 1176 1101 eo
1202 1070 1415 1110 restringatur

372 1117 433 1149 Tui
458 1117 528 1148 sine
550 1117 669 1149 taedio.
1060 1117 1221 1149 Peccandi
1246 1118 1444 1158 proclivitas.

243 1195 299 1227 42.
326 1195 408 1234 Ave,
433 1193 520 1225 mitis
542 1196 703 1234 tamquam
731 1194 859 1234 byssus,
928 1194 987 1229 48.
1012 1194 1094 1235 Ave,
1121 1195 1208 1226 cujus
1233 1195 1389 1228 adunavit

328 1242 382 1274 Ad
399 1250 492 1282 quam
511 1244 560 1273 est
577 1243 616 1274 de
632 1245 727 1283 patre
743 1243 858 1275 missus
1013 1241 1091 1274 Sese
1116 1243 1215 1284 carni,
1243 1244 1295 1283 qui
1321 1242 1459 1276 salvavit

377 1289 532 1331 ChristuS,
557 1290 613 1322 lux
640 1294 671 1321 et
696 1291 827 1329 veritas,
1060 1291 1108 1323 Te
1134 1291 1174 1322 de
1198 1301 1294 1323 manu
1318 1290 1425 1330 inferi,

327 1339 408 1380 Age,
434 1340 471 1369 ut
494 1340 567 1377 post
591 1339 702 1370 mundi
729 1347 855 1370 cursum
1014 1338 1092 1379 Nos,
1119 1339 1172 1378 qui
1197 1339 1300 1371 brutis
1325 1348 1547 1378 comparamur

328 1386 381 1418 Ad
408 1395 443 1417 se
467 1385 573 1426 ipsum
600 1386 697 1419 ducat
718 1395 842 1418 sursum
1014 1386 1152 1426 Propter
1171 1388 1307 1428 culpam,
1334 1388 1546 1429 deprecamur

373 1434 453 1466 Eius
479 1442 537 1465 nos
563 1434 740 1467 sinceritas.
1063 1434 1125 1466 Per
1148 1437 1182 1466 te
1206 1436 1325 1467 sanctis
1350 1435 1459 1468 inseri.

245 1511 301 1543 43.
326 1510 405 1553 Ave,
435 1509 523 1542 cuius
548 1510 744 1542 ventilantur
931 1511 990 1544 49.
1016 1512 1097 1553 Ave,
1125 1520 1206 1551 quae
1233 1512 1411 1545 devotionis

326 1558 445 1590 Hostes
472 1566 580 1590 omnes
607 1561 639 1590 et
661 1557 812 1599 fugantur
1015 1559 1098 1591 Vota
1123 1562 1155 1591 et
1177 1560 1372 1593 laudationis

375 1607 528 1639 Invocato
553 1606 691 1647 nomine,
1060 1607 1185 1640 Reddis
1210 1608 1378 1649 sacrificia,

328 1655 426 1687 Salva
449 1663 508 1687 nos
534 1663 573 1686 ex
597 1653 778 1698 affligente,
1015 1655 1204 1688 Invocamus
1230 1660 1270 1699 te.
1299 1657 1418 1698 Maria,

330 1703 376 1737 Ut
401 1711 542 1735 amemus
568 1705 637 1735 tota
661 1705 767 1734 mente
1018 1703 1068 1735 Sis
1093 1704 1185 1736 nobis
1211 1706 1254 1737 ad
1280 1707 1384 1739 Iesum
1411 1706 1465 1738 via

378 1751 525 1784 Occisum
551 1760 610 1791 pro
636 1751 772 1783 homine.
1063 1752 1133 1784 Tua
1152 1761 1212 1794 per
1236 1755 1378 1787 servitia.

248 1820 305 1852 44.
333 1821 413 1859 Ave,
441 1827 534 1859 quam
559 1818 709 1859 astringit
732 1821 807 1850 nato
934 1819 988 1852 50.
1015 1819 1096 1861 Ave,
1122 1820 1223 1862 virgo,
1250 1830 1310 1861 per
1335 1831 1428 1863 quam
1452 1823 1555 1856 multa

329 1866 367 1899 In
392 1866 512 1899 vestitu
539 1866 691 1898 deaurato
1016 1867 1171 1900 Revelata
1196 1873 1271 1902 sunt
1293 1871 1420 1903 occulta

378 1916 539 1948 Virtutum
564 1915 714 1955 varietas,
1063 1916 1126 1948 Dei
1150 1918 1339 1960 sapientiae,

327 1963 374 1996 Ut
400 1964 553 1996 ducamur
576 1966 650 2004 post
673 1966 707 1994 te
733 1963 832 2004 digni,
1017 1965 1080 1998 Cor
1103 1965 1137 1997 in
1162 1966 1254 1998 nobis
1281 1976 1356 1999 crea
1379 1971 1514 2012 rectum,

328 2012 486 2045 Castitate
510 2020 568 2043 nos
593 2011 709 2051 insigni
1016 2013 1063 2046 Ut
1097 2013 1251 2046 ducamur
1276 2016 1318 2048 ad
1345 2021 1551 2058 conspectum

375 2060 445 2093 Tua
469 2061 561 2091 ornet
585 2059 700 2099 pietas,
1064 2061 1153 2094 Tuae
1177 2064 1397 2099 excellentiae.

625 2146 822 2179 Secunda
846 2147 1160 2190 Quinquagena.

274 2216 306 2248 1.
332 2215 413 2258 Ave,
441 2213 538 2247 arbor
561 2216 695 2254 portans
713 2212 863 2259 fructum,
961 2216 993 2248 2.
1018 2217 1099 2258 Ave,
1128 2219 1169 2250 de
1192 2228 1255 2260 qua
1279 2221 1442 2264 salutaria

334 2264 399 2304 Quo
423 2264 473 2295 ius
492 2265 582 2294 vetus
601 2265 650 2294 est.
668 2263 864 2295 destructum
1020 2265 1087 2305 Quo
1113 2267 1286 2311 salvamur,
1313 2270 1486 2311 singularis

377 2311 494 2345 Mortis
520 2320 591 2344 cum
617 2311 763 2352 imperio,
1068 2315 1147 2348 Orta
1173 2319 1223 2348 est
1246 2318 1410 2361 nativitaS‚

329 2361 394 2393 Per
419 2364 452 2393 te
476 2369 591 2392 nomen
618 2361 692 2393 Iesu
717 2359 833 2392 bonum
1020 2363 1067 2395 Te
1091 2369 1246 2404 precante
1271 2367 1451 2402 redimatur

330 2408 381 2441 Sit
404 2409 531 2450 saporis
555 2409 642 2441 vitae
667 2409 783 2441 donum
1022 2411 1143 2444 Christi
1160 2414 1264 2455 plebs,
1293 2419 1326 2447 et
1351 2419 1559 2449 convertatur

378 2457 498 2490 Nostro
526 2457 696 2490 desiderio.
1068 2460 1230 2494 Virtutum
1259 2464 1441 2505 captivitas
