1655 2726
162 232 242 266 461.

158 456 240 490 462.

158 981 238 1013 466.

155 1203 237 1237 467.

155 1427 237 1460 468.

154 1652 237 1684 469.

151 1876 234 1908 470.

151 2101 233 2134 471.

150 2327 232 2360 472.

696 137 959 173 —155—

258 231 296 265 1n
323 234 375 266 via
403 235 610 267 adversitatis

258 280 313 313 Sic
337 292 357 314 a
382 284 476 316 malis
501 283 683 317 hominibus

254 329 312 362 Me
336 331 437 372 salva,
467 331 531 364 dux
556 333 700 375 pietatis,

255 377 401 419 Reginae
425 380 500 413 talis
525 381 688 421 precibus,

257 455 354 489 Cibus
381 459 664 491 consummationis

254 504 325 537 Tua
350 506 430 538 mihi
454 506 536 548 lauS,
562 507 681 549 Maria,

255 552 301 586 Et
324 557 420 594 potus
444 555 630 588 laetationis

259 600 318 642 Sit,
345 612 544 644 quacumque
569 612 680 637 versor
706 604 768 638 via.

857 237 938 270 463.
954 237 1015 270 Via
1039 237 1090 269 vir
1115 237 1210 270 valde
1235 237 1344 269 viliter

952 286 1031 318 Ruit
1055 288 1151 326 atque
1176 286 1401 326 subsannatur,

951 333 1025 366 Nisi
1048 334 1083 365 in
1109 342 1145 366 eo
1172 333 1300 366 fortiter

952 382 1077 415 Nomen
1103 385 1191 414 tuum
1217 383 1431 423 imprimatur.

855 459 937 492 464.
951 459 1161 500 Imprimatur
1185 460 1247 492 hoc
1271 460 1369 500 igitur

951 507 1004 540 Sic
1029 507 1063 540 in
1088 516 1140 539 me
1164 517 1223 548 per
1248 510 1290 548 te,
1317 509 1434 547 Maria,

950 557 1042 596 Quod
1060 564 1162 595 omne,
1181 556 1266 597 quod
1279 556 1485 597 persequitur

948 604 1014 647 Me,
1041 613 1101 644 per
1126 604 1188 636 hoc
1212 604 1338 637 vincam
1363 605 1396 636 in
1421 604 1485 638 via.

507 681 641 715 465.In
666 681 720 714 via
743 684 808 722 tua,
833 689 922 713 mens
947 691 1030 724 mea,

606 729 670 763 Gur
693 738 759 762 non
783 737 911 769 semper
936 729 1104 763 meditaris

603 778 743 810 Mariam
768 778 853 810 hanc
875 782 907 809 et
931 778 965 810 in
991 788 1029 811 ea

603 826 768 859 Modicum
795 826 873 867 quid
899 827 1048 867 gloriaris
1058 827 1075 857 ζμ

255 980 339 1018 Quid
365 981 515 1021 gloriaris
536 981 570 1013 in
596 991 723 1023 vanum,

254 1028 349 1068 Quid,
378 1038 434 1061 cor
457 1038 570 1073 meum,
599 1028 774 1071 gloriaris?

253 1076 369 1109 Nonne
396 1086 471 1110 caro
498 1077 555 1109 dat
578 1078 727 1110 insanum

252 1124 310 1165 Te,
337 1134 409 1157 cum
434 1135 543 1158 secum
569 1125 766 1158 delectaris?

252 1202 437 1235 Delectaris
456 1204 498 1236 ad
524 1204 650 1236 ruinam

252 1250 437 1284 Garnaliter
461 1252 665 1293 delectando,

251 1300 316 1332 Sed
342 1300 453 1340 placas
479 1301 563 1332 iram
587 1301 729 1334 divinam

250 1349 291 1381 In
317 1348 424 1382 Maria
449 1349 629 1390 gloriando.

254 1426 434 1460 Gloriando
460 1429 516 1459 tua
540 1427 638 1460 laude

253 1475 393 1507 Reclusa
418 1484 574 1516 quaerens
601 1477 737 1508 salutem

253 1524 371 1556 Procul
396 1533 457 1564 per
481 1530 514 1555 te
539 1525 634 1564 pulsa
659 1522 775 1556 fraude

251 1572 427 1605 Daemonis
454 1572 534 1606 vicit
554 1573 717 1605 virtutem.

254 1649 416 1684 Virtutem
441 1655 528 1684 tuam
555 1650 703 1691 percepit

251 1699 309 1740 Te,
333 1699 452 1742 Maria,
477 1698 639 1741 invocata,

253 1747 323 1780 Nec
349 1748 485 1781 daemon
511 1757 580 1780 eam
608 1748 737 1787 decepit

251 1797 396 1837 Imagine
422 1797 583 1830 simulata.

251 1874 409 1908 Simulata
433 1875 574 1907 ostensio

250 1924 301 1956 De
326 1927 358 1955 te
384 1922 538 1966 fulgentis
565 1922 705 1956 feminae

248 1973 395 2005 Transiit
420 1971 504 2005 falsa
529 1973 610 2005 visio

248 2022 327 2062 Tuo,
355 2022 473 2063 Maria,
500 2022 638 2054 nomine.

250 2099 390 2132 Nomine
415 2102 469 2132 tuo
495 2099 593 2131 nituit

248 2149 374 2181 Ferens
401 2149 507 2182 claves
530 2149 709 2188 sacristiae,

248 2198 349 2238 Quam
374 2197 407 2229 in
434 2197 569 2239 gradum
597 2197 740 2230 restituit

248 2246 398 2287 Largitas
424 2249 500 2279 tuae
525 2247 659 2287 gratiae.

249 2325 383 2358 Gratiae
408 2329 520 2368 mater,
550 2324 670 2364 Maria,

248 2373 363 2408 Claves
394 2375 461 2407 eius
489 2373 681 2415 deportasti,

248 2423 327 2456 Cum
352 2423 455 2455 oleret
479 2423 573 2455 luxus
601 2423 665 2464 via,

248 2473 542 2512 Revertentemque
566 2470 713 2504 salvasti.

851 982 934 1014 473.
949 981 1088 1014 Salvasti
1114 982 1162 1013 sic
1187 981 1381 1023 Beatricem‚

947 1029 1063 1069 Maria,
1090 1030 1292 1072 mirabiliter,

947 1077 1013 1109 Des
1040 1078 1136 1109 etiam
1161 1078 1366 1111 salvatricem

946 1125 994 1157 Te
1017 1125 1098 1157 mihi
1119 1126 1336 1158 immobiliter.

851 1204 931 1236 474.
946 1202 1161 1237 immobiliter
1188 1207 1299 1236 teneas

947 1252 1154 1295 Claustrales,
1181 1261 1222 1284 ne
1247 1252 1323 1283 hinc
1348 1254 1474 1293 exeant,

945 1301 1185 1341 Apostatasque
1209 1309 1349 1344 moneas,

945 1349 1062 1389 Maria,
1092 1349 1194 1382 donec
1218 1349 1365 1382 redeant.

849 1427 930 1459 475.
945 1426 1096 1459 Redeant
1121 1427 1184 1458 tuis
1210 1426 1334 1458 meritis

944 1475 998 1507 Ad
1025 1483 1135 1507 veram
1161 1474 1385 1519 humilitatem,

946 1523 1144 1555 Renuntient
1168 1522 1303 1565 illicitis,

946 1573 1195 1612 Amplectentur
1220 1574 1457 1612 paupertatem.

848 1651 930 1683 476.
946 1650 1175 1690 Paupertatem
1201 1658 1261 1690 per
1285 1652 1319 1681 te
1343 1658 1454 1683 veram

945 1699 1114 1738 Quaeram,
1141 1697 1243 1730 feram
1269 1698 1429 1740 hilariter,

946 1747 1064 1787 Maria,
1092 1747 1216 1787 gratiae
1240 1755 1353 1786 peram

944 1795 1098 1836 Expones
1125 1796 1248 1828 cunctis
1274 1796 1403 1836 iugiter.

850 1875 931 1907 477.
947 1875 1069 1915 Iugiter
1096 1876 1128 1905 et
1152 1875 1197 1917 tu,
1226 1882 1281 1905 cor
1305 1882 1422 1914 meum,

948 1922 1062 1955 Lauda
1086 1930 1202 1954 nomen
1228 1925 1294 1954 tam
1313 1922 1484 1964 urbanum,

946 1971 996 2003 Ne
1022 1970 1122 2003 facias
1148 1971 1250 2012 magis
1276 1979 1366 2002 reum

946 2019 1008 2052 Per
1034 2018 1178 2052 favorem
1204 2024 1237 2051 te
1261 2020 1470 2053 mundanum.

850 2100 930 2132 478.
943 2098 1147 2131 Mundanum
1174 2105 1313 2130 amorem
1342 2096 1429 2142 fuge⁷

946 2147 1007 2187 Qui
1032 2156 1095 2179 non
1122 2151 1229 2179 servat
1256 2144 1354 2177 fidem
1380 2155 1483 2191 suam,

945 2196 988 2228 Et
1014 2204 1113 2236 super
1138 2198 1170 2227 te
1195 2195 1300 2235 ipsum
1327 2195 1410 2240 luge,

948 2245 1007 2286 Qui
1035 2244 1172 2277 foedasti
1199 2244 1298 2276 vitam
1323 2246 1421 2278 tuam.

848 2324 928 2357 479.
944 2323 1047 2355 Tuam
1073 2320 1192 2354 famam
1221 2319 1413 2363 pestiferam

946 2371 1117 2406 Committe
1144 2371 1229 2403 dulci
1254 2370 1380 2413 virgini,

944 2420 1032 2460 Quae
1056 2420 1173 2452 olivam
1200 2417 1403 2453 fructiferam

943 2468 1046 2503 Offert
1069 2477 1106 2501 se
1131 2469 1226 2502 domo
1250 2468 1392 2504 Domini.
