1655 2726
233 202 288 234 27.

233 423 289 457 28.

234 656 290 688 29.

233 887 288 919 30.

232 1116 287 1150 31.

235 1348 290 1380 32.

232 1579 287 1611 33.

231 1810 287 1843 34.

231 2043 287 2075 35.

230 2276 285 2308 36.

756 103 992 138 -96-

315 197 362 235 Et
386 209 494 233 omnes
520 201 578 233 sub
605 202 784 243 aenigmate

361 250 408 282 Te
435 249 606 282 concinunt
630 250 817 291 prophetae,

314 298 424 338 Teque
449 297 508 329 sub
534 298 758 339 paradigmate

361 344 559 378 Metrificant
582 349 708 385 poetae.

316 421 493 457 Duodecim
518 423 668 456 similiter

362 471 511 512 Apostoli
536 471 623 504 beati

313 520 361 552 Te
384 519 544 552 dominam
569 519 731 552 stabiliter

361 568 513 600 Laudare
538 571 612 600 sunt
635 568 752 609 parati.

320 652 360 689 In
386 654 512 695 hymnis
537 658 570 686 te
594 654 799 695 magnificant

363 702 590 743 Evangelistae
615 703 728 743 sancti,

316 751 375 791 Qui
401 759 529 790 semper
553 752 586 782 te
611 750 793 791 glorificant

363 799 403 831 In
428 798 525 831 laude
549 799 734 839 gratulanti.

315 883 391 919 cum
415 884 515 918 iubilo
539 886 705 917 sacerrimi

362 935 410 967 Te
434 935 593 973 martyres
618 933 731 966 invicti

318 981 519 1020 Collaudant,
548 981 749 1014 celeberrimi

364 1030 499 1063 Tirones
524 1029 697 1062 benedicti.

315 1113 397 1149 Tam
423 1116 620 1148 sacrosancti
644 1116 774 1158 domini,

362 1164 499 1205 Benigni
521 1163 733 1206 confessores,

313 1212 496 1244 Decantant
520 1214 574 1244 tuo
599 1212 720 1244 nomini

361 1261 430 1293 Iam
453 1260 566 1292 laudes
592 1263 625 1291 et
648 1260 795 1295 honores,

317 1344 485 1380 Venustae
509 1346 744 1386 praeamabiles

364 1395 411 1427 Te
436 1394 575 1434 virgines
600 1397 774 1435 sectantur,

315 1444 366 1475 Ac
391 1445 503 1475 cantus
530 1442 736 1475 delectabiles

360 1491 432 1523 Hae
455 1490 515 1522 tibi
540 1491 754 1523 modulantur.

315 1575 381 1612 Sed
410 1577 495 1610 dulci
522 1586 591 1609 cum
617 1578 808 1619 symphonia

360 1626 407 1658 Te
432 1625 540 1658 colunt
566 1626 764 1658 continentes

310 1673 486 1715 Magnifica
509 1675 684 1714 praeconia

363 1722 500 1763 Tibique
530 1722 744 1758 concinentes.

314 1806 476 1843 Fidelium
503 1809 648 1842 convivio

361 1858 408 1890 Te
432 1857 545 1889 laudat
567 1858 744 1890 animarum

313 1905 565 1946 Supercaelestis
590 1906 665 1938 unio

362 1953 548 1987 Concivium
575 1957 768 1987 sanctarum.

313 2038 357 2075 In
383 2040 515 2074 vocibus
541 2040 686 2073 altisonis

364 2090 411 2122 Te
437 2089 544 2122 colunt
569 2098 676 2121 omnes
703 2091 816 2130 sancti,

311 2139 349 2171 In
376 2137 527 2171 laudibus
555 2137 729 2169 dulcisonis

358 2188 410 2220 Ac
433 2187 551 2227 hymno
575 2185 736 2219 iubilanti.

313 2272 465 2309 Laudare
489 2276 522 2305 te
545 2274 740 2306 monasticus

359 2323 464 2363 Nunc,
490 2331 572 2362 ecce,
600 2322 709 2355 studet
734 2323 848 2356 chorus

311 2371 383 2404 Nec
407 2381 470 2404 non
497 2371 744 2412 ecclesiasticus,

358 2421 396 2453 In
426 2420 550 2453 cantico
576 2429 721 2453 sonoruS.

925 202 980 234 37.

923 422 980 455 38.

923 655 978 688 39.

921 886 978 919 40.

922 1116 977 1149 41.

923 1349 979 1380 42.

924 1581 982 1613 43.

921 1812 978 1845 44.

923 2044 979 2075 45.

922 2275 979 2307 46.

1007 198 1078 235 Iam
1103 201 1295 242 praedicant
1319 200 1461 241 theologi

1053 250 1110 291 Te,
1136 249 1235 294 virgo,
1265 249 1459 289 canonistae,

1004 297 1147 330 Morales
1172 297 1364 339 physiologi,

1055 346 1253 386 Philosophi,
1280 345 1424 386 legistae.

1006 420 1153 456 Virtutes
1177 423 1224 454 tui
1248 422 1386 455 nominis

1052 469 1224 504 Pontifices
1249 471 1396 512 adorant,

1006 519 1085 552 Oum
1111 519 1239 560 regibus
1266 522 1298 551 et
1324 519 1461 552 dominis

1052 568 1100 600 Te
1123 567 1286 608 principes
1311 567 1498 607 implorant.

1005 651 1061 688 Sic
1088 655 1184 687 duces
1211 663 1281 688 cum
1307 654 1485 695 comitibus,

1053 703 1220 743 Primates,
1247 702 1461 745 marchiones,

1006 750 1168 783 Praefecti
1193 760 1262 782 cum
1289 751 1447 792 equitibus

1050 799 1095 831 Et
1119 799 1285 840 praesides
1309 803 1440 832 turones

1005 882 1053 919 Te
1077 894 1163 919 nunc
1188 895 1259 918 cum
1283 886 1499 926 potestatibus

1051 935 1200 967 Adorant
1224 934 1402 978 castellani,

1003 982 1147 1015 Berones
1174 991 1244 1014 cum
1268 982 1472 1024 magnatibus

1052 1031 1098 1063 Et
1120 1039 1271 1072 proceres
1297 1031 1424 1064 urbani.

1003 1114 1125 1150 Votiva
1147 1119 1180 1149 te
1203 1117 1376 1157 plebecula

1054 1165 1246 1206 Communis,
1274 1174 1358 1207 ecce,
1384 1166 1507 1206 laudat,

1006 1213 1093 1252 Quae
1117 1222 1176 1254 per
1201 1217 1334 1245 aeterna
1354 1214 1483 1246 saecula

1053 1262 1100 1293 Te
1126 1261 1285 1294 dominam
1312 1262 1486 1295 collaudat.

1005 1344 1162 1388 Venusta,
1191 1348 1412 1391 celeberrima,

1054 1396 1218 1428 Benevola
1242 1396 1358 1440 Maria,

1006 1444 1158 1477 Matrona
1181 1447 1247 1476 tam
1273 1445 1458 1487 sacerrima,

1051 1492 1175 1525 Fidelis
1201 1496 1299 1533 atque
1323 1493 1388 1534 pia,

1009 1576 1122 1613 Saluto
1148 1581 1180 1610 te
1205 1579 1369 1622 millesies,

1055 1628 1080 1661 Ο
1106 1628 1197 1668 virgo
1224 1637 1390 1672 generosa,

1004 1676 1055 1708 Ac
1077 1676 1195 1708 iterum
1222 1677 1389 1718 centesies,

1051 1724 1226 1757 Iuvencula
1250 1723 1403 1760 formosa.

1004 1808 1127 1852 Virago
1151 1810 1363 1856 fortitudinis,

1052 1860 1252 1892 Maestorum
1278 1862 1484 1905 consolatrix,

1004 1908 1113 1948 Imago
1139 1908 1403 1951 pulchritudinis,

1053 1957 1222 1990 Caelorum
1246 1957 1450 1998 imperatriX.

1003 2039 1146 2077 Naturae
1171 2045 1282 2084 stupet
1306 2045 1402 2087 ratio,

1055 2091 1146 2130 Quod
1169 2092 1261 2132 virgo
1287 2093 1331 2125 sis
1358 2097 1391 2126 et
1414 2105 1545 2138 parens,

1004 2138 1146 2172 Miratur
1170 2139 1262 2173 Evae
1285 2142 1385 2181 natio,

1055 2187 1131 2220 Cum
1157 2190 1193 2220 tu
1218 2189 1263 2221 sis
1287 2190 1363 2222 labe
1390 2201 1515 2228 carens.

1006 2270 1047 2307 In
1072 2277 1126 2307 tuo
1152 2277 1260 2315 gestas
1285 2277 1455 2324 grabbato,

1053 2323 1113 2362 Qui
1135 2322 1286 2356 zabulum
1312 2326 1431 2360 deiecit

1003 2371 1056 2403 Ac
1079 2371 1242 2404 hominem
1265 2373 1299 2405 in
1324 2375 1460 2411 sabbato

1054 2420 1206 2453 Curando
1233 2422 1357 2456 salvum
1383 2423 1471 2459 fecit.
