1655 2726
193 229 249 263 25.

191 560 248 592 26.

187 891 242 924 27.

185 1220 242 1253 28.

179 1549 235 1581 29.

175 1881 233 1914 30.

170 2223 227 2256 31.

731 134 968 172 ᾖ59-.

279 226 403 269 Gaude,
433 231 563 266 domina
588 236 800 275 sceptrorum,

277 279 366 319 Quae
390 280 528 315 Domino
556 283 756 316 dominorum

323 328 426 362 Recte
451 334 543 372 potes
569 331 722 372 psallere,

274 377 328 409 Ad
353 380 395 421 te,
424 379 563 420 domina,
590 379 695 412 levavi

275 425 339 458 Cor
364 435 469 458 meum
495 437 556 460 nec
583 428 743 460 declinavi

320 476 350 506 A
376 478 465 509 recto
491 476 617 510 itinere.

277 560 402 602 Gaude,
428 563 519 604 virgo
546 564 695 607 gloriosa,

276 609 398 642 Christi
424 611 498 643 aula
523 612 677 652 pretiosa,

321 658 491 700 Templum
517 660 730 698 innocentiae,

276 705 372 738 Cuius
399 716 474 748 spes
497 708 531 739 in
557 708 625 740 Deo
653 711 725 739 rata

273 754 445 796 Nunquam
471 755 533 788 fuit
556 755 719 788 infirmata

323 804 497 837 Fermento
523 805 676 837 malitiae.

272 890 395 934 Gaude,
423 892 520 924 stella
543 892 712 933 matutina,

271 938 367 971 Cuius
393 940 466 979 ipsa
491 940 547 972 lux
574 939 684 973 divina

317 987 380 1019 Est
403 988 608 1031 illuminatio,

270 1035 352 1067 Esto
378 1035 454 1067 mihi
482 1036 680 1076 supplicanti

268 1083 333 1115 Pro
359 1086 451 1116 reatu
476 1085 656 1125 trepidanti

317 1131 411 1164 Salus
437 1135 471 1164 et
494 1133 665 1173 protectio.

271 1218 396 1259 Gaude,
424 1220 515 1261 virgo
542 1220 611 1253 Deo
639 1229 725 1263 cara,

268 1268 388 1300 Locum
416 1268 508 1301 nobis
534 1278 661 1301 sursum
687 1278 778 1311 para,

317 1316 368 1348 Ne
393 1317 620 1357 insipientibus

269 1365 504 1407 Assimilemur‚
532 1375 669 1406 opacum

266 1412 549 1447 Descendentibus
574 1415 608 1447 in
634 1414 751 1456 lacum,

315 1461 380 1494 Sed
406 1463 529 1495 serenis
556 1463 690 1496 civibus.

265 1547 389 1591 Gaude,
416 1550 518 1591 virgo,
547 1551 636 1583 cuius
662 1548 735 1582 fiori

264 1596 441 1638 Virginalis
465 1597 562 1631 flores
587 1599 679 1631 chori

313 1646 409 1679 Ultro
435 1656 506 1679 sese
532 1647 670 1680 offerunt

262 1694 307 1726 Et
331 1704 392 1735 per
416 1694 568 1728 floridum
593 1697 730 1728 nitorem

262 1743 338 1775 Tibi
363 1744 488 1784 pariter
513 1744 669 1778 honorem

309 1792 353 1825 Et
380 1793 516 1834 gloriam
543 1792 704 1827 adferunt.

262 1880 387 1924 Gaude,
414 1881 515 1923 virgo,
544 1882 612 1914 Deo
639 1884 741 1923 grata,

262 1929 367 1972 Super
392 1931 498 1963 caelos
525 1931 678 1973 exaltata,

309 1979 380 2012 Tua
406 1979 560 2014 exaltatio

257 2027 326 2060 Nos
352 2029 512 2068 provehat
538 2032 570 2061 et
594 2028 722 2068 iniquos

262 2076 384 2110 Christi
410 2077 515 2109 crucis
540 2078 687 2110 inimicos

305 2125 479 2166 Reprimat
505 2124 675 2159 confessio.

255 2222 380 2266 Gaude,
405 2232 538 2256 manens
563 2224 597 2257 in
624 2223 780 2266 conclavi,

254 2271 320 2305 Ubi
344 2273 425 2305 nihil
451 2272 532 2306 latet
556 2272 661 2314 pravi,

303 2321 351 2353 Te
376 2322 492 2354 adesse
516 2322 663 2364 sentiam,

254 2369 305 2402 Ne
330 2369 512 2405 confundar
536 2371 570 2403 in
594 2373 771 2412 aeternum,

252 2418 317 2451 Sed
344 2419 485 2453 evadens
512 2420 554 2452 ad
581 2427 756 2460 supernum

298 2467 459 2501 Decorem
485 2469 685 2510 perveniam.

887 237 943 269 32.

883 563 940 597 33.

882 893 937 925 34.

880 1220 936 1253 35.

875 1551 930 1583 36.

872 1882 928 1914 37.

870 2223 927 2256 38.

971 235 1094 274 Gaude,
1121 245 1238 276 parens
1264 234 1455 278 gaudiorum

967 284 1039 325 His,
1066 284 1252 325 iniquitates
1278 294 1412 326 quorum

1019 333 1185 366 Remissae
1210 336 1285 366 sunt
1310 334 1448 374 penitus,

969 381 1108 420 Quorum
1132 384 1218 413 tecta
1243 386 1318 414 sunt
1342 385 1477 421 peccata

966 428 1133 462 Affluente
1157 438 1216 470 per
1241 433 1274 462 te
1300 430 1377 462 data

1017 477 1133 511 Gratia
1160 478 1324 512 divinitus,

969 564 1092 604 Gaude,
1119 564 1221 606 virgo,
1248 567 1280 596 et
1307 565 1442 605 exsulta,

966 612 1101 645 Gemma
1124 612 1186 644 Dei
1210 621 1306 645 manu
1332 613 1469 653 sculpta,

1015 662 1115 701 Quam
1143 660 1236 693 decet
1260 661 1414 698 laudatio,

966 708 1130 749 Nostram,
1145 717 1271 749 precor,
1283 709 1359 741 audi
1372 718 1501 749 precem

966 758 1005 790 In
1031 758 1157 790 cithara
1184 759 1217 788 et
1241 757 1275 789 in
1303 758 1412 789 decem

1014 805 1214 839 Chordarum
1240 806 1409 846 psalterio.

966 893 1089 934 Gaude,
1117 892 1208 933 virgo
1235 892 1416 933 benedicta,

964 941 1035 973 Sem
1039 941 1132 981 pervi
1138 940 1229 981 ctrix‚
1236 950 1360 981 nunqua
1366 950 1396 972 m
1404 941 1501 983 victa,

1011 989 1101 1022 Dans
1127 989 1160 1020 in
1186 990 1272 1021 omni
1298 992 1444 1029 tempore

963 1037 1109 1070 Laudem
1134 1037 1203 1069 Deo
1229 1037 1442 1077 triumphanti

963 1085 1008 1117 Et
1031 1086 1063 1117 in
1092 1088 1145 1117 tuo
1171 1085 1331 1117 habitanti

1011 1133 1215 1173 Praepudico
1241 1137 1384 1173 pectore.

965 1220 1089 1263 Gaude,
1116 1220 1347 1260 triumphatrix
1374 1220 1471 1263 alma,

962 1268 1013 1301 Ex
1040 1269 1171 1309 antiquo
1197 1269 1290 1301 hoste
1314 1269 1424 1309 palma

1012 1317 1207 1357 Comparata
1232 1320 1372 1358 strenue,

962 1367 1191 1407 Impugnantes
1217 1374 1268 1397 me
1293 1366 1446 1407 impugna

959 1414 1004 1446 Et
1028 1415 1234 1454 languentem
1257 1415 1348 1454 gravi
1373 1424 1481 1455 pugna

1012 1462 1117 1502 Quieti
1143 1463 1289 1495 restitue.

960 1549 1082 1594 Gaude,
1096 1558 1154 1591 per
1162 1558 1257 1589 quam
1266 1558 1355 1582 mens
1365 1551 1496 1594 iniusta,

959 1598 1053 1630 Mens
1077 1598 1222 1639 immitis,
1249 1607 1340 1630 niens
1365 1602 1483 1632 onusta

1007 1647 1167 1680 Vitiorum
1193 1647 1338 1687 pondere

959 1696 998 1729 In
1024 1695 1189 1736 plerisque
1215 1699 1265 1728 est
1289 1696 1410 1736 adepta

959 1744 1136 1777 Sanitatem
1161 1753 1219 1784 spe
1244 1748 1377 1785 recepta

1006 1792 1179 1835 Regnandi
1203 1793 1237 1825 in
1263 1793 1405 1826 aethere.

957 1880 1081 1922 Gaude,
1108 1880 1197 1921 virgo
1223 1881 1320 1913 laude
1347 1881 1456 1924 digna,

958 1929 1082 1970 Gaude,
1110 1929 1197 1961 mitis
1223 1931 1256 1961 et
1280 1929 1429 1971 benigna,

1003 1978 1091 2018 Quae
1114 1978 1148 2010 in
1174 1978 1425 2019 malignantibus

955 2027 1121 2060 Aemulari
1145 2027 1287 2065 noluisti,

955 2076 1020 2109 Sed
1045 2076 1195 2109 immunis
1223 2075 1377 2107 exstitisti

1001 2126 1032 2157 A
1057 2124 1207 2165 malignis
1232 2123 1370 2157 actibus.

955 2219 1093 2266 [Gaude,
1121 2229 1201 2262 quae
1226 2221 1260 2253 in
1282 2221 1396 2253 mundi
1422 2221 1491 2254 salo

951 2271 1004 2303 Ab
1031 2270 1231 2310 archipirata
1254 2270 1339 2302 malo

999 2320 1117 2352 Aliena
1143 2318 1283 2361 penitus,

951 2368 1075 2400 Bonum
1100 2367 1218 2408 iugiter
1245 2366 1352 2399 fecisti

950 2416 993 2449 Et
1018 2417 1059 2450 ad
1084 2425 1198 2457 pacem
1223 2417 1403 2457 pervenisti

999 2465 1155 2499 Caelestis
1181 2463 1366 2511 exereitus]
