1655 2726
671 123 717 128 —
768 105 933 141 249—

782 213 838 249 IV.

147 293 179 327 1.
197 293 322 328 Gaude.
356 298 463 338 virgo,
492 307 594 340 negas
624 302 741 332 metam
867 301 898 333 6.
914 300 1038 341 Gaude,
1064 301 1180 341 Ioseph
1207 301 1413 342 perturbatus

216 343 323 377 Laudi
348 345 421 386 Dei,
450 355 520 379 cum
545 351 580 379 te
601 347 722 380 laetam
914 348 966 381 De
988 352 1023 381 te
1046 352 1148 382 restat
1173 349 1333 391 quietatus

267 392 462 435 Concepisse
488 403 650 429 cerneres.
961 397 1079 438 Angeli
1104 398 1315 431 sermonibus.

170 471 202 505 2.
220 469 345 513 Gaude,
372 473 502 505 scandis
529 472 722 507 festinanter
869 475 899 508 7.
917 474 1040 515 Gaude,
1068 475 1172 508 cernis
1198 476 1417 516 propinquare

218 518 321 553 Iudae
345 524 481 562 montes,
507 524 545 553 ut
567 522 727 555 laetanter
913 522 1016 555 Laeta
1040 521 1134 555 nimis
1160 526 1193 555 et
1214 523 1339 557 instare

265 567 417 601 Sterilem
442 570 506 602 iam
533 570 666 606 viseres.
962 571 1079 603 Partus
1104 571 1151 604 tui
1174 572 1354 607 terminum.

171 646 203 678 3.
220 644 344 689 Gaude,
374 645 474 690 virgo,
504 647 579 679 dum
603 647 747 681 laudaris
869 649 900 681 8.
915 647 1037 691 Gaude,
1064 648 1182 689 Ioseph
1208 650 1358 683 comitata

219 694 249 725 A
277 698 424 735 cognata,
450 695 627 728 modularis
915 696 959 728 Et
983 696 1017 728 in
1043 696 1191 729 Bethlem
1217 697 1389 738 deportata

270 742 437 775 Canticum
463 742 662 784 Magnificat.
964 745 1115 778 Paritura
1138 745 1321 779 Dominum.

171 821 203 853 4.
221 818 344 863 Gaude,
371 823 467 861 pater
490 821 724 863 praecursoris,
869 821 900 854 9.
917 821 1040 864 Gaude,
1067 823 1167 867 virgo,
1196 824 1426 864 resplendebat

220 867 303 900 Dum
330 868 505 909 prophetat
530 869 614 902 laxis
638 869 716 901 loris
917 870 1003 902 Tuus
1028 871 1146 909 vultus,
1175 872 1250 904 dum
1275 872 1427 905 manebat

266 917 423 958 Linguae,
449 920 482 949 te
507 916 673 950 laetificat.
963 919 1052 951 Iesus
1078 921 1132 951 tuo
1159 928 1304 961 corpore.

169 995 201 1028 5.
217 992 341 1034 Gaude,
369 1003 443 1027 nam
470 1003 564 1035 quem
587 995 773 1038 concepisti,
843 995 898 1028 10.
916 995 1040 1039 Gaude,
1068 1001 1177 1029 coetus
1201 998 1387 1037 angelorum

219 1041 340 1074 Ventre
366 1051 459 1075 sacro
485 1046 520 1074 tu
545 1042 650 1075 tulisti
913 1044 960 1076 Te
983 1043 1096 1076 invisit
1120 1045 1284 1077 beatorum

264 1091 370 1123 Iesum
396 1099 511 1123 novem
537 1091 712 1125 mensibuS.
962 1092 1058 1125 Ortus
1083 1092 1157 1125 Iesu
1183 1096 1337 1134 tempore.

496 1168 553 1201 11.
568 1167 629 1202 Pia
653 1170 767 1212 mater,
794 1176 885 1208 spem
910 1177 1065 1208 ponamus

563 1216 672 1249 Morte
697 1216 781 1257 Iesu,
809 1226 872 1257 qua
896 1215 1033 1249 fidamus

612 1264 676 1297 Rei
700 1264 814 1298 mortis
837 1265 946 1299 litore.

790 1372 829 1404 V.

167 1460 199 1493 1.
215 1458 339 1503 Gaude,
368 1460 459 1501 virgo
487 1458 555 1492 Deo
581 1459 689 1501 plena,
869 1460 900 1493 6.
916 1459 1040 1501 Gaude,
1066 1460 1180 1493 videns
1207 1462 1279 1494 Iesu
1305 1461 1444 1495 frontem

210 1507 371 1549 Peperisti
396 1507 466 1541 sine
491 1517 596 1549 poena
915 1509 1154 1549 Contemplaris
1179 1510 1225 1542 ibi
1252 1509 1373 1543 fontem

264 1556 341 1590 Cum
369 1566 520 1599 supremo
547 1556 675 1598 gaudio.
966 1557 1057 1590 Vitae
1080 1566 1150 1590 cum
1178 1559 1331 1600 tripudio.

166 1637 197 1669 2.
215 1634 338 1679 Gaude,
365 1636 440 1668 nato
466 1634 631 1668 salvatore
868 1636 899 1670 ’7.
917 1635 1041 1678 Gaude,
1067 1636 1141 1669 Iesu
1168 1645 1238 1669 cum
1266 1637 1386 1670 ocellos

213 1684 302 1718 Caeli
329 1684 415 1717 cives
442 1692 513 1716 cum
541 1684 674 1717 dulcore
913 1684 1028 1725 Vides,
1055 1688 1162 1717 mente
1187 1694 1286 1726 super
1311 1687 1417 1719 caelos

263 1732 392 1766 Ganunt
412 1732 445 1765 in
472 1733 675 1773 praesaepio.
963 1732 1099 1766 Scandis
1124 1734 1322 1767 suavissime.

169 1814 201 1847 3.
217 1811 344 1852 Gaude,
370 1811 478 1844 Iesum
505 1811 685 1852 vagientem
867 1812 899 1844 8.
916 1810 1039 1852 Gaude,
1066 1820 1161 1844 nares
1188 1813 1434 1854 contemplando

212 1860 258 1894 Et
282 1861 316 1893 in
343 1862 433 1893 terra
456 1863 535 1893 tunc
558 1860 715 1892 iacentem
913 1859 1025 1892 Dulcis
1051 1860 1125 1893 1esu
1148 1860 1316 1894 iubilando

262 1909 348 1942 Colis
375 1917 445 1942 cum
472 1909 608 1942 laetitia.
963 1907 1094 1941 Gaudes
1121 1918 1215 1950 quam
1243 1909 1436 1944 dulcissime.

164 1991 197 2023 4.
213 1988 339 2028 Gaude,
366 1988 475 2021 Iesum
501 1990 694 2020 reverenter
866 1987 899 2020 9.
914 1986 1039 2028 Gaude,
1070 1986 1172 2029 virge,
1200 1997 1276 2020 nam
1300 1989 1475 2033 gaudebas,

211 2037 315 2071 Terra
339 2037 439 2077 tollis,
467 2045 561 2077 quem
583 2036 764 2078 gaudenter
913 2035 1022 2068 Labra
1047 2038 1103 2067 tua
1125 2036 1200 2068 dum
1226 2036 1380 2078 iungebas

259 2086 365 2119 Tenes
391 2086 477 2119 inter
501 2084 648 2118 brachia.
961 2083 1089 2117 Sanctis
1111 2084 1186 2117 Iesu
1210 2084 1319 2120 labiis,

162 2167 193 2199 5.
209 2165 335 2205 Gaude,
363 2163 470 2196 cernis
495 2162 571 2196 Iesu
595 2161 710 2202 visum,
841 2164 896 2197 10.
912 2162 1036 2200 Gaude,
1062 2161 1172 2195 David
1197 2163 1301 2203 stirpe
1324 2166 1411 2208 nata,

208 2214 426 2248 Renidentem
452 2211 641 2252 paradisum
912 2212 957 2244 Es
983 2220 1018 2244 os
1044 2211 1119 2245 Iesu
1143 2212 1360 2252 contemplata

260 2262 388 2297 Grandi
414 2269 485 2293 cum
511 2259 642 2294 solacio.
958 2260 1039 2293 Cum
1061 2259 1227 2292 immensis
1251 2260 1390 2301 gaudiis.

492 2339 549 2373 11.
564 2339 625 2372 Pia
648 2340 763 2377 mater,
787 2337 963 2387 diligamus

562 2387 698 2420 Fratres
724 2386 892 2428 Deumque
919 2388 1059 2419 colamus

611 2435 740 2468 Intimis
764 2435 978 2477 praecordiis.
