1655 2726
102 203 161 236 48.
188 202 269 243 Ave,
296 203 387 236 cuius

231 251 379 292 regnavit
403 250 500 293 filius,

183 298 279 339 Velit,
306 300 388 332 nolit

231 349 370 388 populus
396 347 525 390 impius,

184 397 221 429 In
249 394 426 429 Cherubim

233 444 349 477 sedens
375 453 434 476 nos
460 443 579 486 foveat,

181 492 233 526 Ne
256 502 314 526 nos
339 493 434 526 turbo

232 544 343 574 terrae
367 544 576 575 commoveat.

634 107 871 142 -51—

800 206 856 239 49.

452 610 508 643 50.
536 610 616 650 Ave,
642 613 747 644 mater

578 658 831 700 misericordiae,

536 706 586 740 De
611 716 674 748 qua
699 710 788 740 ortus

583 759 633 788 est
657 756 706 788 sol
731 756 884 801 iustitiae,

532 803 611 843 Fac,
638 807 674 836 ut
699 808 863 838 cantemus

578 852 641 884 Dei
666 852 788 885 iudicia

536 900 758 934 Praecedente

576 948 811 984 misericordia.

882 206 964 247 Ave,
992 207 1092 250 virgo,

932 255 1020 287 cuius
1046 254 1112 288 filio

882 302 1028 336 Debetur
1052 304 1122 336 laus

931 354 963 383 et
988 352 1169 395 exsultatio,

881 398 950 432 Fac
974 408 1032 432 nos
1057 401 1180 432 servire

933 456 1005 480 cum
1028 448 1154 481 laetitia

884 496 1081 537 Dominanti‚

933 545 988 586 qui
1012 544 1097 585 regit
1119 544 1236 576 omnia.

502 1036 661 1068 Tertia
687 1036 1006 1078 Quinquagena.

124 1105 154 1138 1.
182 1105 264 1146 Ave,
292 1103 383 1144 caeli,

231 1155 405 1193 terraeque
430 1152 570 1194 domina,

182 1201 311 1234 Montes
336 1204 464 1233 nostras

232 1245 377 1294 [caecas]
403 1249 561 1290 illumina,

181 1298 235 1331 Ad
261 1302 294 1330 te
321 1299 442 1330 clamor

229 1350 341 1379 noster
366 1348 414 1379 sio
439 1346 558 1391 veniat,

182 1395 228 1429 Ut
253 1397 383 1428 orantes

230 1443 319 1476 Deus
347 1443 510 1477 exaudiat.

150 1527 157 1534 .
184 1502 266 1543 Ave,
294 1504 400 1534 mater

227 1549 291 1582 Dei
313 1550 528 1593 sanctissima,

182 1598 354 1632 Benedicit

231 1656 326 1688 quam
351 1646 452 1679 omnis
479 1646 599 1690 anima,

180 1696 396 1737 Compescere

228 1743 282 1778 fac
306 1746 380 1778 tuus
406 1743 491 1777 filius

179 1794 286 1827 Extra
310 1795 492 1834 pugnantes

227 1852 286 1875 nos
314 1845 346 1874 et
368 1842 515 1875 interius.

144 1928 151 1936 .
179 1903 262 1942 Ave,
288 1901 351 1935 Dei

225 1954 330 1983 mater
355 1948 535 1994 magnifica,

179 2000 288 2034 Corda
313 2001 425 2032 nostra

227 2048 282 2088 pie
307 2046 455 2088 pacifica,

179 2098 226 2132 Ut
250 2096 377 2130 animae

225 2149 358 2180 nostrae
383 2145 416 2177 in
440 2144 546 2185 gloria

178 2195 381 2228 Benedicent

226 2243 332 2278 Deum
358 2252 418 2285 per
443 2242 583 2276 saecula.

148 2333 155 2340 .
182 2304 264 2346 Ave,
291 2311 373 2343 quae
400 2302 468 2335 Deo

228 2350 455 2387 confitentibus

176 2402 330 2435 Invocata

224 2453 356 2494 praesto
383 2457 416 2482 es
443 2448 601 2493 omnibus,

823 1310 855 1342 5.

821 1707 853 1741 ὃ.

881 1105 959 1148 Fac,
984 1113 1042 1137 nos
1069 1104 1145 1148 eius,

930 1153 985 1194 qui
1009 1152 1089 1185 fecit
1112 1152 1233 1190 sidera,

880 1202 972 1236 Inter
994 1204 1104 1243 gentes

927 1259 1063 1283 narrare
1088 1258 1197 1290 opera.

881 1309 964 1349 Ave,
990 1313 1105 1348 mater,

928 1357 1000 1389 Deo
1026 1355 1244 1389 confitentium

881 1405 927 1438 Es
955 1408 987 1437 et
1011 1414 1090 1438 vera

929 1456 1033 1486 mater
1059 1454 1271 1495 credentium,

881 1501 950 1535 Fac
974 1512 1032 1535 nos
1059 1502 1144 1535 omni

929 1552 1099 1584 mundatos
1125 1551 1252 1583 macula

882 1598 1038 1634 Confiteri

929 1648 998 1681 Deo
1024 1656 1084 1689 per
1110 1647 1248 1682 saecula.

880 1707 962 1751 Ave,
990 1705 1079 1738 cuius

930 1759 963 1787 et
986 1755 1048 1787 Dei
1072 1754 1139 1787 filio

883 1804 946 1838 Cor
971 1806 1122 1844 paratum

930 1852 1043 1893 psallit
1068 1860 1107 1884 ex
1133 1851 1248 1894 animo,

880 1902 951 1935 Fac
973 1910 1032 1934 nos
1058 1901 1087 1932 ei

930 1951 1046 1982 devote
1071 1958 1167 1991 agere

884 2000 922 2032 In
948 1998 1052 2040 gloria

933 2051 966 2079 et
987 2047 1120 2080 laudem
1147 2054 1270 2080 canere.

799 2109 831 2142 7.
858 2106 939 2150 Ave,
970 2106 1059 2137 cuius

931 2154 1045 2188 laudes
1074 2154 1249 2187 altissimus

881 2204 955 2238 Non
981 2202 1083 2235 taceri

929 2251 1025 2285 iussit
1051 2260 1108 2284 nos
1134 2251 1301 2295 Dominus,

880 2302 983 2342 Eripe
1008 2308 1066 2332 nos

928 2360 948 2383 a
973 2348 1200 2391 peccatoribus

878 2400 924 2433 Et
949 2409 968 2432 a
993 2397 1210 2431 fraudulentis

928 2448 1163 2489 operatoribus

1192 2503 1234 2533 4*
