1655 2726
637 135 680 140 -—
735 114 896 151 173—-

105 318 185 352 799.
201 319 262 359 Qui
286 320 372 360 regis
398 319 463 353 fide
488 320 648 363 videntes,

202 367 294 407 Quod
319 368 381 400 tibi
405 368 655 412 beneplacitum,

200 415 270 448 Fac
294 425 441 450 crescere
465 420 594 449 nostras
618 419 742 449 mentes

199 463 263 497 Per
288 465 403 498 matris
427 469 504 498 tuae
527 466 688 497 meritum.

105 550 189 584 800.
204 551 360 585 Meritum
387 552 481 594 Oth0,
507 552 624 591 Maria,

199 600 362 640 Accipere
385 602 498 633 volens
524 600 597 641 sibi,

200 648 396 689 Peregrinus
422 658 458 681 se
481 650 516 681 in
541 648 593 682 via

202 695 448 731 Commendavit
474 705 573 738 saepe
596 696 669 731 tibi.

105 784 186 818 801.
201 784 277 817 Tibi
301 784 407 817 laudis
434 783 621 825 obsequium

201 833 244 876 Is,
270 833 389 875 Maria,
418 841 536 866 conans
563 832 641 865 dare

205 880 352 914 Caeleste
375 880 567 913 beneficium

202 931 266 962 Per
289 931 323 961 te
350 929 435 970 cepit
456 929 549 961 iuxta
572 937 673 961 mare.

105 1017 186 1050 802.
202 1016 298 1048 quta
323 1024 412 1048 mare
438 1015 568 1056 quidem
594 1024 665 1047 eum

198 1063 332 1097 Visione
356 1063 497 1096 visitasti

197 1112 395 1144 Promittens
423 1112 498 1144 huic
524 1120 600 1152 ergo
625 1110 741 1153 Deum,

198 1161 266 1202 Quo
289 1169 361 1193 eum
386 1159 583 1193 laetificasti.

101 1250 182 1283 803.
198 1249 386 1282 Astiterunt
412 1251 444 1280 et
468 1250 546 1280 tunc
572 1247 601 1279 ei

198 1297 285 1330 Socii
310 1297 358 1329 sui
386 1297 540 1329 mirantes

198 1345 465 1386 Gaudentemque
490 1351 618 1378 servum
644 1345 706 1377 Dei

197 1395 307 1435 Super
329 1394 392 1427 hoc
415 1393 663 1436 interrogantes.

104 1483 186 1516 804.
199 1482 442 1523 Interrogantes
469 1480 562 1513 citius

200 1530 251 1563 De
275 1530 354 1563 visis
382 1528 582 1573 certificavit,

203 1578 293 1612 Sicut
319 1577 422 1611 refert
448 1577 628 1619 Caesarius,

199 1627 245 1660 Et
271 1626 442 1659 confestim
466 1627 668 1660 exclamavit.

105 1717 187 1750 805.
203 1715 365 1748 Clamavit
388 1717 503 1756 patere
525 1714 588 1748 sibi

200 1765 263 1798 Per
289 1768 322 1796 te
348 1763 482 1803 caelum,
507 1773 525 1796 o
551 1763 670 1806 Maria,

200 1813 246 1846 Et
270 1822 345 1845 mox
371 1812 550 1853 expirantis
576 1812 621 1844 ibi

202 1862 363 1895 Ascendit
389 1861 496 1895 anima
520 1861 585 1903 pia.

102 2067 184 2102 813.
203 2065 379 2099 Exsultate
402 2065 474 2099 Deo
500 2068 576 2099 nato

198 2115 267 2148 Mei
293 2123 406 2147 sensus
433 2119 466 2148 et
488 2124 553 2147 non
582 2115 714 2154 mundo,

198 2163 282 2196 Nam
311 2172 469 2196 consensu
493 2164 703 2203 supplantato

196 2213 335 2254 Separat
363 2221 417 2245 vos
444 2212 484 2245 ab
510 2211 686 2245 immundo,

102 2302 182 2337 814.
197 2301 250 2334 Ab
276 2301 441 2334 immundo
467 2309 518 2333 me
543 2300 663 2341 spiritu

197 2350 309 2383 Mater
332 2349 454 2384 munda
477 2349 700 2391 mundissima,

199 2399 246 2433 Ut
269 2399 340 2432 sine
367 2399 473 2432 carnis
498 2398 639 2439 strepitu

199 2448 297 2482 Vivat
321 2448 414 2483 Iesus
438 2448 474 2481 in
494 2447 614 2481 anima.

690 232 846 268 LXXIX.

802 321 882 355 806.
898 321 957 353 Pia
983 319 1101 362 Maria,
1128 319 1239 352 taliter

803 551 883 585 807.

801 785 882 817 808.

803 1016 882 1049 809.

801 1248 881 1282 810.

802 1480 883 1515 811.

805 1715 886 1749 812.

706 1977 841 2012 LXXX.

804 2065 885 2100 815.

804 2299 884 2334 816.

897 368 1031 401 illustra
1053 377 1158 400 meum
1184 366 1317 407 obitum,

897 417 966 449 Fac
990 425 1042 448 me
1065 416 1147 449 mori
1172 414 1311 447 feliciter

895 464 961 497 Per
977 465 1092 497 horum
1110 473 1259 505 magnum
1275 463 1435 495 meritum.

898 551 1051 584 Meritum
1076 553 1164 583 tuum
1192 550 1320 583 excedit

898 599 1009 641 Omne,
1035 599 1152 640 Maria,
1179 599 1339 639 meritum,

898 648 971 688 Cor,
998 647 1083 689 quod
1108 647 1151 680 ad
1169 651 1201 679 te
1217 656 1281 679 non
1298 646 1434 687 accedit,

896 695 1061 737 Quidquid
1081 698 1202 739 sperat,
1231 697 1280 727 est
1296 694 1436 729 irritum.

897 783 1031 817 Irritum
1058 786 1115 827 est,
1144 784 1230 824 quod
1255 792 1393 825 oramus,

896 832 942 865 Et
965 832 1135 873 ingratum,
1164 831 1249 872 quod
1275 831 1410 875 agimus,

897 879 971 913 Nisi
997 879 1057 912 tibi
1084 879 1328 922 committamus,

896 928 988 968 Quod
1013 928 1176 968 acceptari
1204 927 1357 967 cupimus..

899 1012 1055 1056 cupimus
1082 1023 1157 1056 ergo
1184 1015 1320 1055 gratiam

897 1063 997 1103 Apud
1022 1065 1055 1095 te
1079 1072 1138 1096 nos
1163 1063 1321 1103 invenire,

898 1111 1006 1153 Virgo,
1034 1120 1116 1151 quae
1140 1120 1199 1151 per
1224 1112 1405 1152 potentiam

898 1158 1022 1203 Salvas,
1051 1160 1137 1200 quod
1161 1159 1244 1192 solet
1269 1160 1389 1200 perire.

897 1247 1010 1281 Perire
1036 1256 1193 1287 nusquam
1219 1247 1351 1288 poterit,

898 1295 959 1335 Qui
984 1305 1069 1328 nunc
1095 1296 1154 1328 tibi
1181 1295 1342 1338 servierit,

897 1344 942 1377 Et
967 1345 996 1377 si
1020 1347 1164 1377 mortuus
1191 1342 1299 1387 fuerit,

897 1393 974 1427 Vita
997 1392 1060 1425 sibi
1083 1402 1147 1425 non
1175 1393 1288 1427 deerit.

898 1479 1013 1513 Deerit
1038 1483 1070 1512 et
1095 1489 1185 1513 meae
1209 1481 1311 1512 menti

898 1529 977 1573 Tua,
1004 1528 1120 1569 Maria,
1147 1527 1277 1570 gratia?

897 1577 1004 1618 Absit,
1032 1578 1090 1610 sed
1117 1578 1165 1610 sic
1190 1580 1221 1609 te
1247 1577 1413 1619 quaerenti

897 1626 1000 1659 Dabis
1027 1626 1124 1659 vitam
1150 1626 1184 1658 in
1211 1626 1323 1667 gloria.

903 1713 1016 1747 Gloria
1039 1713 1110 1757 tibi,
1136 1714 1255 1756 Maria,

899 1762 1042 1795 Materia
1066 1772 1202 1804 magnae
1226 1763 1345 1801 laudiS,

901 1813 988 1853 Quae
1013 1811 1154 1844 libenter
1180 1820 1258 1843 aure
1283 1812 1338 1851 pia

899 1860 955 1893 Ad
980 1863 1013 1892 te
1039 1860 1214 1893 clamantes
1241 1860 1387 1893 exaudis.

899 2065 1019 2097 Anima
1042 2064 1101 2096 illa
1126 2064 1275 2105 tabescit,

898 2114 930 2147 A
955 2123 1029 2156 qua,
1057 2114 1158 2155 virgo,
1185 2118 1219 2145 te
1244 2113 1391 2156 divertis,

900 2162 966 2195 Sed
990 2162 1138 2202 protinus
1165 2161 1371 2202 convalescit,

899 2212 954 2244 Ad
980 2220 1073 2252 quam
1099 2210 1153 2252 pie
1178 2214 1210 2242 te
1237 2212 1409 2245 convertis.

901 2298 1069 2332 Convertis
1095 2307 1169 2331 mox
1195 2298 1237 2331 ad
1263 2299 1442 2333 salvantem

898 2348 1013 2391 Deum,
1036 2348 1099 2391 qui,
1128 2348 1213 2388 quod
1231 2348 1291 2390 vis,
1318 2349 1441 2392 adnuit,

900 2396 1052 2429 Alienum
1078 2396 1266 2429 adorantem

900 2446 1015 2490 Deum,
1041 2446 1096 2487 qui
1120 2454 1195 2478 suos
1223 2446 1374 2483 destruit.
