1655 2726
566 664 608 695 12.
649 664 691 695 De
713 672 736 695 s.
756 662 859 695 Maria
878 663 1077 703 Magdalena.

192 852 319 893 1.Ave‚
346 852 401 892 pia
424 850 629 892 Magdalena‚

240 901 321 941 Spes
346 900 469 938 salutis,
496 899 582 930 vitae
608 907 698 938 vena,

287 949 366 982 Orta
390 948 491 988 stirpe
516 947 614 987 regia,

240 991 360 1029 Lumen
387 996 474 1028 orbis
500 995 672 1035 ordinaris,

239 1045 331 1076 Dono
355 1044 417 1076 Dei
442 1043 614 1075 illustraris

285 1092 368 1125 Mali
391 1092 538 1132 linquens
565 1090 668 1125 devia.

193 1181 225 1213 2.
239 1179 320 1219 Ave,
349 1179 475 1210 domum
501 1185 534 1208 es
556 1177 709 1220 ingressa,

241 1227 326 1259 Vota
351 1226 457 1258 cordis
482 1234 557 1256 mox
583 1224 729 1256 confessa

288 1275 362 1307 Iesu
386 1274 494 1306 iuncta
520 1273 666 1312 pedibus,

240 1323 333 1363 Ipsos
357 1322 411 1362 pie
435 1329 508 1354 nam
534 1321 654 1352 unxisti

241 1370 337 1403 Crine
361 1372 416 1401 tuo
443 1371 475 1401 et
498 1368 620 1400 tersisti

289 1417 472 1451 osculando
496 1414 635 1449 fletibus.

193 1506 226 1538 3.
240 1506 320 1544 Ave,
348 1513 441 1544 quam
467 1501 539 1534 fons
565 1502 717 1535 bonitatis

238 1552 291 1585 Sic
316 1550 435 1584 format
459 1560 514 1583 vas
538 1551 690 1591 puritatis

288 1600 344 1633 Sui
368 1600 450 1632 roris
475 1599 588 1640 gratia,

240 1648 288 1680 Te
312 1648 467 1680 salvatam
495 1646 704 1686 confirmavit,

240 1696 355 1729 Fidem
380 1700 466 1728 tuam
492 1696 706 1727 remuneravit

288 1745 384 1777 Pacis
412 1745 533 1777 donans
559 1743 707 1784 insignia.

193 1833 226 1865 4.
244 1832 322 1873 Ave,
349 1831 443 1863 nimis
469 1828 548 1862 felix
573 1832 658 1873 natal,

243 1879 399 1912 Contritio
424 1881 479 1911 tua
504 1880 594 1918 grata

287 1927 424 1960 Diw'nae
449 1926 647 1966 clementiae,

240 1976 290 2008 Tu
315 1976 453 2016 sigillum
479 1974 621 2014 pietatis,

241 2024 413 2064 Speculum
439 2023 640 2059 humilitatis,

286 2072 409 2105 Norma
430 2071 658 2114 paenitentiae.

192 2160 223 2192 5.
237 2160 320 2202 Ave,
348 2158 509 2192 conversis
533 2158 675 2198 lucerna,

237 2207 313 2239 Tibi
338 2206 431 2239 fulsit
454 2208 511 2239 lux
537 2215 678 2248 superna

286 2255 445 2288 Tribuens
469 2255 634 2294 incendia;

239 2303 321 2344 Spes
347 2312 474 2336 reorum
499 2312 543 2343 es,
570 2303 686 2343 Maria,

239 2351 301 2384 Cor
327 2352 498 2384 contritum
523 2350 610 2394 affer,
638 2351 702 2394 pia,

287 2400 339 2433 Da
363 2400 494 2433 maestis
517 2400 646 2432 solacia.

813 764 841 796 I.

881 852 912 884 6.
926 851 1008 892 Ave,
1035 851 1110 884 Iesu
1133 851 1347 892 praedicanti,

926 899 1038 939 Regna
1064 899 1143 931 caeli
1170 899 1328 931 nuntianti

973 947 1160 979 Adhaesisti
1184 947 1312 988 iugiter,

926 995 1006 1027 Eius
1032 995 1129 1028 matri
1153 996 1287 1034 sociata,

927 1042 1022 1075 Cuius
1047 1044 1146 1075 vitam
1170 1043 1297 1075 imitata

974 1090 1107 1123 Coluisti
1132 1092 1285 1125 suaviter.

879 1178 911 1211 7.
925 1178 1006 1218 Ave,
1031 1177 1136 1209 Iesum
1163 1176 1332 1219 fatigatum

924 1225 967 1257 Et
992 1225 1104 1258 labore
1127 1226 1290 1258 anxiatum

972 1273 1102 1314 Recipis
1127 1274 1278 1315 hospitio,

925 1322 1035 1360 Ipsum
1061 1321 1198 1363 benigne
1222 1323 1379 1363 tractasti,

926 1369 1046 1401 Mentis
1069 1378 1201 1409 pausam
1226 1371 1429 1411 praeparasti

974 1416 1094 1449 Summi
1117 1419 1219 1458 patris
1243 1417 1322 1451 filio.

879 1503 911 1536 8.
925 1504 1006 1541 Ave,
1032 1504 1074 1536 ad
1098 1504 1198 1544 pedes
1224 1505 1377 1548 sedendo,

926 1551 1034 1583 Verba
1058 1552 1119 1584 Dei
1145 1553 1304 1585 audiendo

972 1600 1125 1640 Epularis
1150 1601 1274 1640 intime,

926 1647 976 1679 De
1000 1648 1063 1680 otio
1090 1652 1249 1687 accusata,

928 1696 991 1727 Per
1015 1697 1200 1737 magistrum
1231 1697 1400 1730 defensat-a

976 1743 1131 1777 Gloriaris
1157 1746 1287 1787 optime.

881 1831 914 1863 9.
929 1830 1010 1870 Ave,
1036 1831 1140 1871 partis
1163 1834 1239 1863 tunc
1264 1841 1386 1874 secura,

927 1878 996 1917 Qua
1020 1877 1138 1911 fruitur
1161 1881 1195 1912 in
1222 1878 1331 1913 futura

975 1927 1052 1959 Vita
1076 1928 1189 1960 summi
1215 1930 1359 1971 spiritus,

929 1975 964 2006 In
988 1976 1151 2014 praesenti
1174 1977 1303 2010 miseria

926 2023 1032 2055 Tanta
1054 2023 1200 2057 abundas
1226 2027 1332 2067 gratia

976 2070 1135 2105 Concessa
1160 2074 1324 2110 divinitus,

857 2157 913 2191 10.
926 2158 1007 2198 Ave,
1036 2159 1203 2200 discipulis
1231 2161 1352 2195 Christi

927 2207 1013 2246 Quae
1038 2208 1184 2250 coniungi
1209 2211 1356 2242 meruisti

975 2255 1063 2287 Talis
1090 2265 1218 2290 consors
1244 2260 1361 2302 meriti,

925 2302 1000 2335 Tibi
1024 2305 1107 2336 oculi
1132 2304 1272 2348 fuerunt,

926 2350 985 2390 Qui
1009 2352 1043 2384 in
1069 2362 1165 2386 carne
1190 2359 1427 2395 conspexerunt

974 2399 1174 2434 Salvatorem
1200 2404 1332 2438 saeculi.
