1655 2726
182 177 238 210 12.

181 784 240 818 13.

180 1388 234 1420 14.

170 2006 225 2038 15.

714 78 972 115 -12Ο-

252 177 400 211 Laudate
424 177 572 218 pueritia,

255 225 426 259 Senectute
451 228 482 256 et
507 224 614 257 media

301 274 421 308 Aetate
441 281 550 305 omnes
575 272 757 314 Dominum,

252 323 429 362 Pauperem
456 322 496 353 de
519 321 628 362 inopia

255 370 419 402 Suscitans
447 372 478 401 et
502 369 632 401 miseria

302 417 513 450 Sterilitatem
537 417 696 459 virginum

255 466 393 506 Propter
417 466 552 499 salutem
577 467 738 498 hominum

252 514 425 554 Adprobat
448 523 508 557 per
533 514 765 547 clandestinum

300 561 529 595 Gommereium
553 563 588 594 in
611 562 728 604 Maria,

254 610 312 643 Oui
337 620 397 651 per
421 619 517 651 posse
533 613 622 643 trans
640 612 808 643 terminum

250 658 389 691 Servans
415 659 564 691 honorem
591 659 761 699 pristinum

297 706 437 739 Matrem
464 705 542 738 facit
567 708 607 739 de
629 705 707 739 filia.

255 784 291 815 In
318 784 406 815 exitu
432 784 473 816 de
495 786 619 816 ‘tartaro

252 831 297 863 Et
324 831 364 863 de
388 832 507 872 populo
534 831 671 864 barbaro

302 879 380 913 Post
403 880 602 920 redemptum
628 879 790 923 Israelem,

249 927 346 967 Ecce,
373 936 430 968 ego
454 936 506 959 me
529 936 699 968 praeparO,

252 975 324 1008 Nisi
348 975 505 1015 impediat
531 984 615 1016 caro,

300 1024 345 1058 Ut
369 1024 504 1064 gratiam
531 1024 613 1056 hane
637 1033 687 1056 rex
696 1025 793 1065 elem3

249 1072 306 1104 Me
330 1072 537 1104 monstrando
559 1072 711 1104 Azaelem

249 1119 389 1160 Dignum
416 1120 503 1159 duxi,
525 1124 560 1151 ut
585 1120 741 1161 anhelem,

296 1167 346 1199 Ne
372 1167 507 1210 dieamr,
535 1167 610 1199 litus
636 1176 703 1208 aro,

251 1214 345 1255 Nam,
372 1215 399 1247 si
423 1215 527 1247 minus
552 1215 632 1247 haec
649 1216 805 1256 protelem

248 1262 308 1294 Vel
334 1264 539 1303 regratiando
565 1263 677 1304 zelem,

296 1311 574 1344 Commendandus
601 1319 655 1343 ero
677 1320 762 1345 raro.

249 1387 368 1428 Dilexi‚
395 1388 543 1427 quoniam
569 1388 632 1419 cito

245 1435 329 1467 Mihi
354 1436 442 1468 venit
465 1435 627 1477 neophyto

294 1483 407 1516 Gratia
432 1492 482 1515 me
507 1483 691 1523 exaudiens,

246 1532 400 1571 Quoniam
423 1531 502 1563 mihi
525 1531 654 1572 perdito

245 1579 345 1612 Morti
372 1580 525 1619 diraeque
549 1579 669 1612 tradito

290 1628 438 1661 Occurrit
463 1630 496 1660 et,
519 1628 744 1670 praeveniens3

243 1676 267 1709 O
294 1676 431 1714 Christe,
457 1677 538 1708 lucis
564 1677 680 1717 oriens,

241 1723 317 1767 Fac,
347 1724 432 1764 quod
457 1724 567 1757 vivens
594 1726 627 1756 et
650 1725 788 1756 moriens

288 1771 373 1813 Tibi,
400 1772 441 1804 de
465 1780 527 1812 quo
552 1781 616 1804 non
641 1772 776 1813 haesito,

240 1820 389 1853 Placeam
414 1829 542 1860 semper
567 1820 711 1853 serviens

240 1868 313 1901 Tibi
338 1872 434 1909 atque
459 1868 631 1901 oboediens

286 1917 440 1950 Immunis
466 1917 506 1949 ab
530 1917 656 1950 illicito.

243 2004 383 2048 Credidi,
410 2004 495 2044 quod
521 2013 589 2036 sum
614 2003 750 2045 locutus,

237 2053 279 2085 Et
304 2052 418 2093 quibus
443 2061 514 2084 sum
538 2052 616 2084 satis
641 2055 739 2095 tutus,

281 2100 446 2143 Explicito
473 2103 505 2132 et
530 2110 600 2132 cum
624 2100 714 2140 glosa

236 2149 371 2182 Sanctus
400 2149 545 2182 doctores
571 2151 698 2181 secutus

235 2197 371 2238 Scriptis
395 2197 525 2238 suisque
550 2197 688 2237 adiutus,

285 2248 423 2286 Quorum
449 2255 534 2278 mors
561 2249 610 2278 est
633 2245 789 2286 pretiosa,

236 2294 290 2335 Et,
317 2295 394 2327 licet
417 2304 480 2327 non
505 2294 651 2335 speciosa

237 2342 287 2375 Sit,
310 2344 381 2375 laus
405 2352 446 2375 ex
469 2344 538 2376 vita
561 2343 676 2383 lutosa,

281 2391 370 2424 Malo
395 2393 519 2433 mugire
543 2394 581 2424 ut
606 2392 717 2424 brutus

942 177 1039 216 Qua-m
1066 180 1174 210 tacere
1198 175 1367 208 fructuosa

942 224 1036 258 Fidei
1063 229 1096 258 et
1120 225 1277 258 luminosa

989 273 1109 306 Factus
1133 273 1276 306 totaliter
1300 273 1418 304 mutus.

872 340 927 374 16.
941 340 1098 381 mactate,
1124 349 1232 373 omnes
1256 338 1378 379 populi,

942 389 1059 430 Regem
1086 389 1184 421 totius
1208 386 1325 421 saeculi

992 437 1069 470 Sine
1092 436 1155 469 fine
1180 436 1362 475 iubilantes‚

942 486 1015 518 Non
1039 486 1106 518 sint
1127 485 1234 525 magni
1259 484 1309 516 vel
1335 480 1473 523 parvuli,

941 533 1013 566 Non
1039 542 1131 566 senes
1157 533 1207 565 vel
1231 530 1392 565 iuvenculi

988 582 1019 614 A
1044 581 1140 614 laude
1166 581 1233 614 eius
1260 584 1430 619 cessantes,

941 628 1013 662 Sint
1036 639 1145 662 omnes
1170 633 1413 670 perseverantes

940 677 977 710 In
1004 677 1152 711 laudibus
1179 681 1211 709 et
1236 679 1409 716 cantanteS‚

989 726 1142 766 Quoniam
1170 726 1236 758 eius
1262 724 1345 757 oculi

940 773 1131 814 Respiciunt
1152 775 1186 807 in
1212 774 1381 806 laudantes

936 821 982 854 Et
1006 825 1081 854 sunt
1105 831 1158 854 eos
1183 823 1427 862 praeservantes

987 871 1025 903 In
1052 871 1189 903 transitu
1213 869 1360 912 periculi.

941 936 1142 970 Confitemini
1168 940 1200 968 et
1226 938 1301 970 date

938 985 1006 1017 Deo
1031 985 1144 1018 laudes
1170 988 1204 1016 et,
1225 988 1364 1026 cantate,

985 1033 1137 1072 Quoniam
1162 1036 1212 1065 est
1235 1041 1357 1066 summe
1383 1032 1495 1073 bonus,

935 1082 974 1114 In
1000 1089 1036 1114 eo
1063 1090 1171 1113 omnes
1196 1085 1335 1121 sperate,

934 1127 1017 1161 Nam
1040 1129 1182 1161 surrexit
1202 1130 1367 1170 insperate

982 1176 1132 1217 Speranti
1150 1180 1312 1218 tamquam
1328 1180 1495 1219 patmum,

933 1225 1121 1257 Animarum
1148 1228 1196 1257 est
1222 1225 1352 1258 colonus

933 1273 1054 1305 Earum
1079 1276 1272 1313 supportans
1296 1283 1388 1315 onus,

983 1320 1031 1353 Ne
1059 1325 1208 1353 corruant
1232 1322 1378 1363 indilate,

930 1369 1014 1401 Nam
1037 1371 1073 1400 ut
1097 1371 1225 1401 sanctus
1253 1372 1346 1402 sonat
1370 1374 1463 1403 tonus

934 1417 1080 1449 Vallatus
1105 1420 1156 1449 est
1179 1427 1255 1450 suus
1280 1418 1416 1451 thronus

979 1465 1174 1498 Multimoda
1197 1467 1328 1506 pietate.

870 939 924 971 17.

863 1541 916 1575 18.
931 1541 1024 1573 Beati
1048 1541 1257 1585 immaculati,

933 1589 989 1629 Qui
1018 1590 1140 1622 vadunt
1166 1590 1352 1624 discalceati

979 1637 1194 1671 Terrenorum
1215 1639 1394 1684 affectibus,

932 1685 990 1725 Qui
1017 1689 1049 1718 te
1073 1687 1163 1726 sequi
1188 1691 1263 1719 sunt
1290 1690 1397 1728 parati

930 1735 993 1766 Per
1018 1734 1100 1767 viam
1129 1735 1175 1767 tui
1200 1737 1345 1769 mandati

977 1782 1021 1814 Et
1044 1782 1077 1814 in
1102 1784 1286 1825 praeceptis
1312 1785 1470 1829 omnibus,

930 1829 1005 1871 Sed,
1033 1831 1087 1872 qui
1112 1831 1335 1872 iniquitatibus

925 1878 970 1910 Et
994 1879 1103 1911 mundi
1129 1880 1325 1914 vanitatibus

978 1926 1118 1959 Lubrice
1142 1931 1217 1961 sunt
1241 1929 1440 1972 profundati‚

929 1974 1211 2009 iustificationibus

925 2022 1124 2056 Resistentes
1150 2028 1182 2056 et
1205 2025 1340 2068 legibus,

971 2070 1059 2105 Raro
1086 2073 1236 2105 dicuntur
1259 2073 1359 2110 beati.

854 2149 909 2182 19.
928 2148 981 2181 Ad
1006 2148 1188 2192 Dominum,
1217 2159 1286 2183 cum
1313 2152 1453 2187 tribulor

928 2196 995 2229 Aut
1019 2200 1160 2231 tremore
1184 2200 1346 2241 coagulor‚

977 2244 1157 2279 Clamorem
1182 2256 1287 2281 meum
1314 2248 1408 2293 facio,

925 2293 1021 2326 Nune
1033 2294 1107 2336 scis,
1128 2295 1226 2337 Deus,
1245 2298 1331 2338 quod
1341 2299 1491 2333 stimulor

924 2341 1051 2382 Lingua
1074 2352 1210 2385 nequam
1237 2349 1269 2378 et
1293 2346 1419 2381 iaculor

971 2392 1042 2424 Ictu
1069 2392 1273 2438 desolatorio,
