1655 2726
775 140 1039 176 —182—

248 240 327 272 957.
343 238 490 271 obtinuit
513 239 634 270 tantam
661 239 748 269 certe
937 239 1016 271 959.
1030 236 1180 270 Abiectio
1206 238 1232 270 si
1260 246 1322 278 qua
1347 235 1413 277 fiat,

344 285 490 318 Gratiam
515 286 594 318 haec
619 285 772 326 abatissa,
1029 285 1098 317 Pax
1124 286 1218 318 sistat
1243 284 1410 325 patientia,

343 333 400 366 Oui
425 334 474 366 sic
498 333 655 373 opprobia
679 342 738 373 per
762 336 796 365 te
1031 332 1102 365 Tua.
1125 333 1292 373 gratiaque
1317 331 1387 372 piat

341 381 386 413 Et
410 384 545 422 peccata
569 384 643 413 sunt
669 380 809 413 dimissa.
1031 379 1116 413 Reos
1141 381 1259 412 multos
1286 388 1358 412 cum
1383 378 1496 419 gloria.

248 470 327 502 958.
341 468 483 501 Dimissa
508 468 551 499 sit
570 471 612 508 et,
638 467 755 508 Maria,
935 468 1015 500 960.
1032 466 1144 499 Gloria
1169 465 1340 499 ineffabilis

342 516 463 548 Cuncta
488 515 568 547 mihi
594 515 738 555 contagio
1029 514 1113 557 Tibi,
1141 514 1257 557 Maria,
1286 514 1414 554 iugiter,

341 565 404 597 Per
429 564 545 595 merita
570 566 625 595 tua
649 563 704 604 pia
1031 562 1100 602 Qua
1123 571 1201 603 gens
1225 561 1473 594 innumerabilis

338 611 383 644 Et
409 612 550 644 criminis
576 611 724 644 abiectio.
1030 609 1197 642 Gloriatur
1222 609 1372 644 feliciter.

847 735 957 770 XCV.

246 825 326 857 96l.
345 823 478 856 Cantate
503 833 644 856 summae
669 824 786 864 virgini
936 825 1016 857 963.
1032 823 1283 856 Sanctimoniam
1309 823 1430 856 habere

343 872 508 904 Canticum
535 881 661 912 novum,
688 873 838 914 virgines,
1030 872 1127 904 Vitae
1152 881 1205 903 me
1230 872 1469 905 desiderantem

340 920 384 952 Et
408 929 517 953 omnes
543 920 609 953 eius
634 921 755 953 nomini
1030 920 1227 961 Quandoque
1252 920 1306 953 fac
1331 921 1480 953 obtinere

339 968 555 1011 Benedicatis‚
583 969 738 1001 homines.
1028 968 1125 1010 Hinc,
1153 969 1271 1010 Maria,
1298 973 1332 1001 te
1356 973 1534 1009 rogantem.

248 1057 326 1089 962.
341 1055 495 1087 Homines
521 1055 763 1097 magnificantes
937 1057 1015 1089 964.
1031 1055 1209 1097 Rogantem
1236 1056 1317 1088 enim
1347 1056 1508 1089 dominam

340 1103 441 1135 Tuam
466 1103 747 1145 magnificentiam,
1029 1104 1153 1137 Audiet
1176 1104 1267 1136 Iesus
1293 1105 1452 1145 protinus,

342 1151 441 1184 Sacra
466 1152 566 1195 virgo,
594 1153 794 1192 suspirantes
1030 1151 1089 1190 Qui
1114 1153 1149 1184 in
1174 1156 1309 1185 matrem
1335 1156 1367 1184 te
1393 1151 1546 1185 feminam

341 1200 394 1231 Ad
421 1201 505 1231 vitae
532 1200 782 1232 sanctimoniam.
1030 1199 1138 1241 Elegit
1164 1200 1227 1232 sibi
1253 1201 1420 1235 Dominus,

836 1305 962 1339 XCVI.

248 1383 329 1415 965.
343 1381 500 1413 Dominus
525 1390 635 1421 regum
661 1382 809 1422 omnium,
937 1384 1016 1416 969.
1033 1382 1265 1424 Retineamque
1286 1384 1432 1424 firmiter,

345 1428 443 1467 Quem
471 1429 621 1461 baiulasti
646 1431 825 1472 parvulum,
1031 1430 1156 1469 Quanta
1181 1432 1406 1465 benevolentia

344 1477 385 1509 Se
413 1478 466 1509 det
492 1486 550 1517 per
576 1482 608 1509 te
632 1478 809 1517 propitium
1031 1478 1108 1519 Nos,
1136 1483 1249 1521 mater,
1275 1482 1334 1523 fili,
1361 1483 1485 1522 pariter

345 1526 381 1557 In
407 1526 576 1556 imminens
602 1526 790 1566 periculum.
1030 1528 1243 1561 Pertraetatis
1271 1539 1342 1562 cum
1367 1531 1481 1571 gloria.

247 1614 327 1647 966.
343 1612 523 1644 Periculum
550 1611 643 1644 huius
669 1613 757 1645 vitae
938 1615 1018 1647 970.
1035 1615 1113 1647 Cum
1139 1616 1242 1656 gloria
1265 1626 1382 1658 magna
1408 1619 1543 1650 multum

340 1660 494 1701 Magnum
521 1660 650 1699 plenum
677 1662 819 1693 versutia
1033 1662 1186 1696 Sanctum
1214 1664 1345 1698 Petrum
1369 1667 1552 1708 suscepisti,

342 1708 492 1740 Evadere
517 1706 570 1739 fac
595 1717 646 1740 me
670 1708 743 1748 rite,
1032 1710 1079 1743 Ob
1105 1711 1183 1744 fidei
1209 1721 1305 1746 verae
1331 1715 1450 1747 cultum

341 1756 458 1798 Maria,
486 1756 563 1788 Sion
589 1756 665 1791 filia.
1030 1759 1151 1792 Factus
1176 1769 1278 1794 novus
1304 1767 1411 1803 matyr
1436 1764 1571 1797 Christi.

249 1844 328 1876 967.
345 1842 429 1875 Filia
454 1842 516 1874 Dei
542 1847 574 1873 et
598 1845 711 1883 mater,
938 1846 1017 1879 971.
1036 1845 1229 1879 Christicola
1252 1848 1440 1884 Florentiae

345 1889 382 1921 In
408 1891 531 1922 meritis
557 1891 741 1933 praecipua,
1033 1894 1140 1936 Rapta
1165 1896 1256 1939 vidit,
1284 1898 1361 1938 quid
1386 1899 1414 1930 is
1441 1899 1544 1932 frater

346 1939 433 1971 Luce
457 1947 516 1979 per
541 1942 573 1969 te
598 1939 684 1971 Deus
711 1943 804 1978 pater
1031 1942 1171 1975 Honoris
1197 1947 1274 1977 tunc
1298 1952 1331 1979 et.
1356 1947 1478 1987 gloriae

345 1986 400 2019 Me
425 1987 601 2027 perlustret
625 1988 766 2021 assidua.
1033 1989 1180 2023 Obtinuit
1203 2001 1263 2032 per
1287 1997 1331 2034 te,
1355 2000 1470 2031 mater.

250 2075 330 2108 968,
345 2074 488 2106 Assidua
512 2074 637 2105 laetitia
940 2077 1019 2108 972.
1033 2076 1142 2110 Mater
1168 2088 1310 2113 summae
1333 2082 1499 2127 bonitatis,

346 2123 383 2154 In
410 2122 501 2154 vobis
527 2121 620 2154 simul
650 2122 804 2163 gaudeam
1035 2124 1096 2157 Per
1122 2127 1288 2161 amborum
1314 2130 1467 2174 suffragia

345 2170 390 2202 Et
414 2171 447 2202 in
474 2170 581 2202 cordis
606 2170 760 2202 memoria
1033 2173 1117 2205 Meis
1144 2176 1274 2216 ignosce
1298 2182 1453 2221 peccatis,

346 2219 508 2259 Perpetim
533 2227 590 2250 vos
615 2219 781 2253 retineam.
1035 2220 1123 2260 Quae
1148 2228 1332 2259 sanctorum
1359 2237 1392 2260 es
1419 2231 1533 2271 gloria.

594 2306 636 2339 97
642 2306 674 2338 3.
691 2305 803 2338 Gloria
825 2305 997 2346 ineffabilis

688 2353 772 2396 Tibi,
798 2354 915 2398 Maria,
941 2356 1069 2397 iugiter,

689 2403 757 2443 Qua
782 2412 859 2443 gens
883 2403 1126 2439 innumerabilis

693 2450 858 2484 Gloriatur
883 2450 1032 2488 feliciter.
