1655 2726
697 120 958 158 -111—

243 215 381 250 Gestans
407 220 512 251 tamen
540 221 572 251 te
597 219 703 253 Maria

242 265 339 298 Fuita
365 266 485 299 virtute
508 267 601 300 varia

289 314 335 347 Et
350 318 498 348 ornatum
511 315 633 350 habens
647 317 800 351 mundum

239 363 306 396 Pro
331 362 496 404 profunda
520 363 674 399 facundia

240 411 364 454 Murra,
391 413 482 453 gutta
508 416 541 445 et
566 414 669 447 cassia

288 459 385 492 Facit
409 460 557 494 affectum
582 461 767 495 fecundum.

168 519 224 553 45.
240 517 329 551 Deus
354 521 474 559 noster,
501 517 670 560 refugium,

239 566 353 599 Virtus
380 570 412 598 et
437 567 632 600 adiutorium

287 615 325 647 In
351 615 624 658 tribulationibus,

237 662 320 696 Esto
344 663 437 695 nobis
464 664 671 704 praesidium,

238 711 396 744 Tutamen
424 715 456 744 et
480 712 659 745 subsidium

286 760 325 792 in
350 760 443 792 malis
469 760 666 793 irruentibus

238 808 284 841 Et
310 806 363 840 fac
387 807 480 841 nobis
505 809 706 850 mortalibuS,

238 856 286 889 Te
311 857 412 889 solum
439 856 634 897 sitientibus,

288 903 342 936 Sic
366 906 548 937 monstrare
573 907 605 936 te
630 904 772 944 fluvium,

237 952 284 986 Ut
311 953 351 985 de
375 952 489 985 rivulis
515 953 662 985 dulcibus

237 1001 303 1033 Per
327 1000 482 1040 impetum
509 1000 713 1033 currentibus

284 1048 441 1081 Laetetur
465 1058 544 1089 grex
570 1048 725 1084 fidelium.

162 1108 219 1141 46.
236 1107 352 1140 Omnes
379 1109 502 1147 gentes,
528 1106 674 1147 iubilate,

234 1155 385 1189 Plaudite
410 1158 442 1187 et
468 1156 636 1196 exsultate,

282 1203 440 1236 Dominus
467 1204 576 1238 caelos
602 1204 758 1245 ascendit,

237 1251 318 1285 Aias
346 1255 470 1285 vestras
496 1254 691 1293 praeparate

237 1300 291 1333 Ad
317 1300 555 1341 volandumque
580 1303 700 1341 aptate,

286 1349 333 1382 Ut
344 1349 431 1381 hunc
443 1357 624 1390 sequamur,
640 1349 796 1389 osten‹lit;

237 1398 380 1439 Ipsemet
405 1401 464 1440 est,
491 1398 544 1437 qui
573 1398 742 1430 descendit

234 1446 281 1478 Et
307 1447 359 1487 qui
388 1446 456 1478 alas
482 1446 530 1478 sic
555 1446 700 1478 extendit

286 1495 323 1527 In
350 1503 454 1536 cruce,
482 1495 568 1534 quod
593 1493 780 1534 perforatae

233 1544 298 1576 Pro
324 1542 463 1584 homine,
493 1543 546 1583 qui
572 1542 706 1575 offendit

233 1591 338 1624 Deum
364 1594 501 1632 patrem,
530 1592 556 1623 si
580 1592 765 1632 perpendit,

282 1639 431 1672 Fuerunt
456 1643 489 1672 et
515 1644 712 1673 cruentatae.

158 1700 216 1732 47.
231 1698 370 1740 Magnus
396 1697 554 1730 Dominus
582 1698 711 1739 diceris,

232 1747 320 1780 Deus
347 1749 468 1783 noster,
497 1747 550 1788 qui
576 1747 703 1779 miseris

280 1795 416 1837 Semper
441 1795 519 1828 ades
545 1796 725 1837 invocatus,

234 1844 293 1885 Qui
321 1847 353 1876 et
375 1853 496 1884 parvus
522 1843 663 1877 efficeris

229 1894 275 1926 Et
305 1893 452 1926 domiuus
480 1892 698 1936 cognosceris,

282 1941 328 1974 Ut
354 1946 386 1974 te
411 1942 526 1975 videns
551 1941 595 1974 sit
619 1942 773 1981 miratu53

234 1991 393 2024 Parvulus
419 1989 511 2023 fuisti
536 1993 631 2023 natus

233 2040 278 2072 Et
302 2039 458 2079 parvulus
484 2040 650 2080 adoratus,

282 2087 367 2120 Puer
391 2087 496 2120 factus
524 2097 592 2121 cum
621 2088 743 2129 pueris,

931 221 1069 263 Magnus
1096 230 1220 263 quoque
1245 230 1308 253 non
1333 221 1474 253 mutatus

931 270 982 302 Tu
1005 279 1037 302 es
1061 273 1094 302 et
1118 272 1326 311 perpetuatas

979 319 1019 351 In
1044 318 1163 351 infimis
1189 321 1221 350 et
1245 317 1383 359 superis.

861 377 917 410 48.
932 376 1054 409 Audite
1081 376 1169 416 haec,
1197 385 1305 408 omnes
1331 379 1453 416 genteS,

932 423 1061 457 Stantes
1087 424 1199 464 procul
1225 427 1258 456 et
1283 426 1470 464 praesentes

980 474 1087 513 Atque
1113 472 1230 513 quique
1254 472 1445 514 terrigenae,

935 520 989 552 Sic
1013 529 1161 561 magnum
1187 520 1258 552 sitis
1283 521 1444 562 timentes,

932 568 1023 607 Quod
1049 568 1091 600 ad
1116 578 1249 609 parvum
1277 568 1442 601 venientes

978 616 1051 649 Non
1076 615 1162 649 fiatis
1186 620 1223 648 ut
1246 617 1406 657 advenae3

932 664 1102 705 Nunquam
1128 664 1326 707 alienigenae

931 712 995 746 Sed
1021 713 1128 754 potius
1155 714 1337 754 caeligenae

979 761 1061 794 Sunt
1082 762 1116 793 in
1142 769 1178 793 eo
1206 761 1411 799 confidentes,

931 809 993 842 Sed
1021 809 1071 842 illi
1097 810 1247 842 dicuntur
1272 809 1354 842 bene

931 858 1040 890 Alieni
1064 858 1237 898 indigenae

977 905 1031 938 Ad
1058 914 1128 937 eum
1154 915 1218 938 non
1244 906 1466 941 accendentes,

860 964 915 996 49.
930 962 1018 996 Deus
1049 963 1179 995 deorum
1208 964 1325 1004 veniet,

929 1012 993 1045 Per
1018 1019 1111 1052 quem
1136 1011 1290 1044 iudicium
1315 1011 1372 1044 fiet

977 1060 1032 1092 Ad
1053 1059 1300 1092 discernendum
1325 1061 1489 1101 populum,

930 1106 1047 1140 Nullus
1075 1116 1146 1139 eum
1172 1107 1302 1148 effugiet

931 1155 990 1188 Vel
1018 1155 1183 1188 declinans
1210 1156 1350 1197 excipiet

978 1204 1131 1244 Allegans
1157 1202 1283 1237 fraudis
1310 1205 1457 1244 titulum3

930 1252 1021 1285 Tunc
1047 1252 1274 1284 contremiscet
1298 1253 1461 1285 saeculum

930 1299 1061 1333 Nullum
1089 1300 1211 1333 habens
1235 1301 1406 1333 latibulum

975 1348 1021 1381 Et
1047 1349 1204 1387 nesciens,
1231 1349 1308 1390 quid
1335 1348 1442 1391 faciet,

929 1397 1011 1430 Nam
1039 1397 1172 1429 cuilibet
1197 1398 1240 1430 ad
1265 1399 1391 1430 oculum

931 1445 1109 1479 Guiuslibet
1134 1445 1295 1486 piaculum

976 1492 1153 1526 Manifeste
1177 1493 1320 1534 patefiet.

858 1553 916 1587 50.
933 1552 1093 1585 Miserere
1118 1552 1180 1584 mei
1208 1552 1285 1584 data

931 1602 995 1634 Per
1020 1600 1159 1633 Mariam
1187 1603 1219 1632 et
1243 1601 1374 1642 vulgata

980 1649 1050 1681 Tua
1074 1649 1308 1691 misericordia,

933 1698 1033 1731 Plena
1059 1700 1092 1728 et
1117 1698 1278 1738 coagitata

929 1748 980 1779 Ac
1006 1746 1139 1787 largiter
1161 1750 1346 1779 mensurata

978 1794 1082 1827 Detur
1107 1794 1238 1827 favente
1263 1796 1388 1836 gratia3

930 1845 999 1877 Iam
1025 1844 1135 1884 aperio
1161 1843 1250 1876 labia

929 1892 1084 1925 Monentc
1110 1892 1307 1925 conscientia

980 1940 1182 1982 Cognosceus
1209 1949 1280 1973 mea
1305 1944 1450 1982 peccata,

930 1991 1083 2032 Sperans,
1111 1989 1196 2030 quod
1222 1989 1425 2031 indulgentia

929 2038 1103 2079 Largiatur
1130 2042 1163 2070 et
1189 2037 1282 2070 venia

977 2087 1077 2120 Porta
1102 2087 1189 2119 vitae
1214 2090 1369 2119 reserata.

556 2165 753 2199 Secunda
777 2165 1097 2205 Quinquagena.

174 2226 206 2260 1.
235 2224 317 2266 Quid
343 2225 504 2266 gloriaris
530 2228 694 2265 peccator,

230 2273 381 2307 Malitiae
405 2275 622 2314 propensator

279 2321 326 2355 Et
351 2324 465 2363 potens
490 2322 672 2363 iniquitate,

231 2371 330 2411 Quasi
355 2379 420 2403 non
445 2372 488 2403 sit
512 2369 710 2404 miserator?

227 2420 275 2453 Es
301 2419 349 2451 tui
373 2419 608 2460 praecipitator

278 2469 496 2504 Perseverans
522 2469 705 2509 obstinate3

930 2223 1028 2265 Scito,
1057 2223 1141 2263 quod
1168 2224 1343 2264 propterea
1364 2224 1397 2255 te

927 2272 1016 2305 Deus
1043 2271 1161 2312 perdet
1187 2271 1335 2303 ultimate

977 2320 1039 2352 Tui
1065 2318 1170 2352 factus
1198 2319 1437 2365 condemnator,

929 2369 1001 2402 Nisi
1029 2378 1100 2402 cum
1127 2368 1308 2401 humilitate

930 2419 977 2451 Te
1004 2418 1155 2450 emendes
1181 2417 1319 2450 indilate

977 2466 1137 2499 Reatuum
1161 2466 1366 2501 lamentator.
