1655 2726
188 210 246 244 25.

184 532 240 564 26.

186 852 242 885 27.

178 1237 233 1270 31.

176 1557 232 1590 32.

170 1878 226 1911 33.

168 2201 223 2234 34.

697 136 741 141 —
791 115 861 152 213
912 137 955 142 —

274 210 357 253 Ave,
382 210 466 255 Iesu,
494 211 549 253 qui
576 212 697 246 delicta
877 216 935 250 28.

269 258 333 291 Per
357 258 589 293 confessionem
617 261 704 294 dicta

319 308 485 341 Passionis
510 309 611 350 pallio

266 354 374 397 Tegis‚
401 365 443 389 ne
466 357 668 390 irrideantur

266 403 333 436 Aut
358 404 399 437 ab
425 405 519 438 hoste
543 405 782 439 confundantur

312 452 352 485 In
378 456 433 486 tuo
456 454 587 488 iudicio.

267 530 348 574 Ave,
375 540 508 564 aureum
533 532 646 573 altare,
879 534 935 566 29.

267 578 318 611 Da.
341 582 376 611 te
400 579 493 612 nobis
520 581 679 613 honorare

315 627 418 659 Donis
444 628 658 668 spiritalibus,

265 675 386 708 Munus
411 677 518 709 laudis
544 675 722 721 offeramus,

265 723 344 756 Tuis
368 725 459 757 mille
482 725 703 765 imprimamus

316 772 435 806 Oscula
460 773 656 806 vulneribus.

268 850 351 892 Ave,
378 851 463 894 Iesu,
491 853 631 884 castrum
656 850 751 892 forte,
877 852 932 884 30.

268 898 366 931 Cuius
389 908 452 932 non
471 899 664 932 clauduntur
679 902 803 941 portae,

313 947 434 980 Portae
456 948 528 980 dico
553 948 732 985 vulnerum,

262 994 320 1026 Isti
348 998 455 1028 castro
480 999 513 1028 et
537 996 587 1027 his
608 996 712 1036 portis

260 1042 307 1074 Et
329 1052 416 1075 nunc
438 1046 470 1075 et
497 1044 533 1076 in
556 1043 638 1075 hora
661 1044 775 1076 mortis

310 1091 367 1123 Me
392 1091 582 1124 commendo
607 1092 772 1125 miserum.

800 1170 857 1203 IV.

260 1235 341 1279 Ave,
369 1236 458 1268 Deus
484 1236 642 1275 veritatis,
874 1238 931 1272 35.

260 1284 415 1317 Passione
441 1287 626 1318 cruentatus

309 1333 388 1365 Tuis
413 1334 534 1366 sanctis
558 1333 717 1375 manibus,

260 1381 317 1413 Me
343 1383 531 1415 commendo
557 1382 784 1427 exspirantem,

262 1429 397 1470 Suscipe
423 1439 474 1463 me
499 1430 719 1470 trepidantem

307 1479 371 1511 Pro
396 1479 476 1511 meis
504 1478 700 1513 excessibus,

260 1556 341 1601 Ave,
368 1557 506 1590 dulcedo
532 1559 726 1598 sanctorum,
871 1557 927 1590 36.

260 1604 330 1648 Qui,
359 1608 396 1637 ut
419 1615 478 1638 nos
504 1615 522 1638 a
548 1608 754 1646 peccatorum

309 1653 466 1695 Flagellis
492 1654 688 1695 absolvereS,

261 1702 307 1735 Es
331 1703 472 1735 nudatus
498 1702 540 1736 ad
566 1700 705 1744 flagella,

260 1751 431 1792 Sanguinis
458 1751 573 1785 fudisti
597 1752 705 1792 mella,

304 1799 351 1833 Ut
375 1809 486 1833 amara
511 1800 655 1833 tolleres.

253 1877 335 1918 Ave,
362 1878 417 1918 qui
443 1877 578 1919 abyssos
603 1877 696 1918 ponis
872 1877 929 1911 37.

255 1926 294 1959 In
318 1925 487 1959 thesauros
504 1926 677 1970 passionis,

305 1974 376 2007 Hoc
400 1977 450 2008 est
474 1976 508 2008 in
532 1975 731 2017 vulneribus,

256 2022 293 2057 In
320 2023 371 2055 his
397 2023 493 2057 fossis
519 2023 762 2058 absconduntur

254 2072 458 2116 Peccatores,
485 2072 661 2106 abluuntur

299 2121 337 2153 In
362 2121 413 2153 his
438 2122 577 2164 quinque
601 2120 756 2156 fontibus,

251 2200 333 2241 Ave,
360 2199 434 2232 Iesu
459 2209 532 2233 mea
556 2199 633 2242 vita,
866 2200 922 2233 38.

250 2248 366 2282 Cordis
391 2249 453 2281 mei
479 2249 665 2293 margarita,

300 2298 371 2331 Tua
397 2298 501 2330 dulcis
527 2297 635 2339 passio

249 2345 315 2380 Det
339 2346 452 2379 videre
479 2347 547 2380 dies
573 2346 685 2385 bonos,

247 2395 444 2436 Angelorum
472 2397 582 2429 dulces
607 2398 701 2428 tonos

293 2445 420 2477 Audire
446 2454 517 2478 cum
543 2445 674 2486 gaudio.

959 215 1041 259 Ave,
1066 213 1137 255 flos,
1162 223 1223 255 per
1247 224 1341 256 quem
1361 212 1496 256 fiorebo,

961 263 1046 296 Dum
1069 264 1103 296 in
1129 261 1192 295 fine
1217 263 1381 304 apparebo

1009 312 1192 352 Resurgens
1218 321 1288 344 cum
1312 311 1459 353 mortuis,

959 360 1066 393 Erunt
1089 360 1235 400 paradisi
1259 369 1362 404 rosae,

961 408 1046 448 Quos
1072 416 1158 441 nunc
1180 417 1254 440 rore
1278 407 1440 449 pretiosae

1008 456 1171 489 Passionis
1197 457 1363 499 compluis.

961 533 1042 574 Ave,
1070 544 1089 566 a
1114 543 1175 574 quo
1202 534 1350 566 exierunt

960 581 1106 623 Sanguis⁷
1134 591 1226 625 aqua,
1254 583 1308 623 qui
1333 581 1481 614 fecerunt

1006 630 1045 663 In
1069 630 1188 662 mundo
1215 630 1379 673 diluvium,

958 678 997 711 111
1022 678 1084 711 hoc
1109 679 1204 719 culpa
1230 679 1444 720 demergatur,

958 726 1047 759 Arca
1071 726 1188 759 mentis
1213 728 1356 768 erigatur

1006 776 1060 808 Ad
1087 775 1167 807 caeli
1193 773 1367 816 fastigium.

959 852 1039 895 Ave,
1065 852 1151 895 Iesu,
1180 854 1286 884 custos
1312 852 1404 894 bone,

960 900 1022 932 Tui
1046 900 1133 932 sacci
1157 900 1312 933 scissione

1007 946 1180 981 Confertur
1204 949 1337 989 utilitas,

959 995 1095 1037 Sanguis
1126 995 1216 1028 fusus
1246 1006 1305 1029 nos
1331 996 1494 1036 emundat,

958 1044 1024 1077 Pus
1051 1047 1218 1088 expurgat,
1247 1054 1302 1077 cor
1327 1044 1491 1084 fecundat,

1007 1092 1148 1125 Tollitur
1171 1092 1353 1127 infirmitas,

957 1237 1038 1281 Ave,
1066 1239 1150 1278 Iesu,
1177 1238 1230 1270 via
1253 1238 1376 1278 lucens,

955 1286 1147 1319 Paradisum
1171 1286 1381 1319 introducens

1003 1335 1049 1367 Et
1074 1333 1117 1367 ad
1142 1343 1242 1375 regna
1265 1336 1395 1377 caelica,

956 1382 1090 1415 Gemma
1117 1383 1221 1415 crucis
1246 1384 1414 1420 luminosa,

954 1430 1006 1464 Da
1032 1439 1149 1465 cavere
1173 1431 1355 1475 tenebrosa,

1002 1480 1054 1513 Da
1080 1488 1195 1513 cavere
1219 1480 1354 1512 lubrica.

953 1557 1035 1599 Ave,
1062 1565 1121 1598 per
1147 1565 1240 1597 quem
1267 1557 1449 1590 declinatur

954 1606 984 1637 A
1009 1607 1103 1646 malo,
1132 1606 1330 1639 exercitatur

1001 1655 1096 1687 Mens
1120 1654 1154 1686 in
1179 1653 1263 1687 bono
1289 1662 1398 1699 opere,

952 1703 1023 1736 Ista
1046 1702 1177 1744 sanguis
1201 1705 1356 1744 operatur

952 1751 1088 1793 Roseus,
1115 1751 1169 1792 qui
1194 1752 1387 1792 propinatur

1004 1800 1073 1833 Tuo
1098 1802 1210 1832 sancto
1234 1801 1348 1835 latere.

957 1878 1038 1922 Ave,
1064 1878 1149 1921 Iesu,
1177 1878 1232 1918 qui
1257 1878 1407 1919 gestabas

954 1926 1041 1960 Onus
1069 1926 1184 1966 crucis,
1213 1927 1286 1959 dum
1314 1926 1454 1968 parabas

1000 1975 1087 2009 Onus
1112 1975 1225 2008 mundi
1249 1976 1376 2015 tollere,

950 2024 1037 2057 Onus
1063 2024 1151 2066 tolle,
1179 2033 1241 2065 quo
1267 2033 1450 2066 gravamur,

951 2072 1002 2105 Ne
1030 2075 1129 2115 caput
1152 2073 1369 2114 impediamur

997 2122 1051 2155 Ad
1079 2130 1206 2154 crucem
1232 2122 1367 2164 erigere.

949 2199 1031 2240 Ave,
1061 2199 1165 2232 dulcis
1190 2200 1372 2243 peregrine,

948 2249 988 2281 In
1012 2248 1074 2281 hoc
1097 2249 1218 2281 mundo
1242 2249 1356 2284 vivens
1382 2249 1452 2281 sine

997 2297 1117 2340 Rebus,
1146 2297 1216 2329 sine
1240 2299 1386 2340 proprio,

951 2346 1013 2386 Qui
1038 2347 1081 2379 ad
1107 2349 1140 2378 te
1164 2348 1423 2391 peregrinantur,

945 2394 1035 2427 Nudi
1059 2395 1182 2428 nudum
1207 2398 1241 2428 te
1265 2398 1451 2438 sequantur,

997 2443 1085 2478 Crux
1111 2444 1155 2477 sit
1177 2444 1223 2477 eis
1249 2445 1356 2480 lectio.
