1655 2726
687 112 929 148 ,65-

161 208 194 240 3.
223 206 348 252 Gaude,
375 208 505 240 laudem
530 209 616 250 regis
643 210 762 251 dicens,

220 255 280 295 Qui
305 256 460 296 benignos
486 257 682 291 benedicens

271 304 343 337 Stat
366 304 398 335 in
425 306 517 346 regni
544 306 692 346 culmine,

221 351 320 385 Nullo
349 360 445 393 egens
471 354 669 397 adiumento,

220 399 374 441 Undique
399 403 435 432 ut
458 401 650 435 vestimento

268 448 323 481 Sic
348 448 483 482 amictus
508 450 639 485 lumine.

161 536 193 568 4.
223 531 361 580 [Gaude,
389 536 472 569 lucis
494 536 590 569 stella
618 539 735 581 clarae,

222 583 416 617 Illuminans
438 588 584 618 nostrum
610 596 708 627 mare,

267 631 359 671 Quod
385 632 457 673 ipsa
483 634 675 675 exprimitur

216 679 366 714 Nominis
392 682 561 722 euphonia,

219 728 303 760 Nam
330 729 465 771 Syr-iace
490 731 597 763 Maria

266 777 370 811 Maris
395 779 492 811 stella
515 778 658 825 dicitur]

163 866 195 899 5.
223 864 349 908 Gaude,
375 865 489 898 videns
515 868 564 898 tot
590 868 758 901 credentes

217 913 308 947 Proii
333 917 409 946 tuae
435 914 633 948 confidentes

263 962 386 1002 Mente,
414 972 492 995 voce
517 962 631 1004 libera,

218 1010 294 1043 Tibi
317 1019 443 1052 quoque
466 1011 657 1054 servientes,

215 1058 301 1091 Dum
327 1059 415 1092 illius
440 1060 527 1092 inter
552 1063 663 1100 gentes

265 1107 472 1140 Annuntiant
495 1116 604 1149 opera.

156 1196 188 1228 6.
216 1191 355 1239 [Gaude,
383 1195 495 1236 populi
521 1195 674 1239 adiutrix,

218 1242 339 1276 Sedula
364 1246 548 1276 sanctorum
573 1245 693 1286 nutrix,

264 1292 377 1334 Magni
403 1292 489 1333 regis
514 1293 615 1334 regia,

218 1340 332 1373 Caelos
357 1340 493 1372 multum
518 1341 574 1382 qui
599 1341 744 1382 adauxit,

218 1388 297 1421 Cum
327 1390 367 1422 de
393 1389 476 1422 Orco
502 1398 609 1422 secum
637 1390 737 1423 traxit

265 1437 346 1470 Suos
372 1438 415 1471 ad
441 1436 616 1483 caelestia]

157 1525 191 1557 7.
219 1523 344 1566 Gaude,
374 1524 503 1558 domina
529 1526 700 1570 caelorum,

215 1571 302 1605 Laus
330 1576 362 1605 et
386 1573 489 1606 honor
514 1575 701 1614 angelorum

262 1621 307 1654 Et
330 1624 514 1655 sanctorum
541 1623 692 1665 omnium,

214 1669 276 1701 Tui
301 1671 426 1710 prolem
453 1671 594 1703 revereri

214 1718 260 1750 Et
286 1719 391 1752 eidem
419 1718 564 1752 confiteri

263 1767 357 1801 Salus
385 1771 434 1800 est
458 1769 667 1804 credentium.

153 1856 185 1889 8.
213 1851 353 1899 [Gaude,
381 1856 471 1888 cuius
493 1865 608 1897 puram
625 1860 776 1897 mentem,

211 1902 281 1936 Deo
306 1913 388 1944 pure
413 1905 654 1947 adhaerentem,

261 1952 362 1985 Nulla
389 1954 602 1987 contradictio

210 2000 393 2034 Affectuum
418 2002 570 2042 irritavit,

214 2049 388 2091 Postquam
414 2051 475 2083 tibi
500 2051 707 2084 obumbravit

257 2098 379 2133 Divina
404 2097 592 2144 conceptio]

152 2199 185 2231 9.
213 2195 339 2238 Gaude,
366 2197 499 2230 verbum
518 2200 624 2230 tecum
641 2198 775 2239 habene,

211 2244 303 2284 Quod
329 2246 489 2287 perdurat
513 2255 577 2280 non
604 2247 745 2287 elabens,

257 2294 361 2330 Dulce
387 2294 624 2337 confitentibus,

209 2343 293 2383 Quos
319 2343 473 2385 probatos
499 2344 533 2377 in
559 2344 706 2377 adversis

207 2392 313 2425 Vocat
336 2394 378 2426 ad
405 2402 440 2425 se
467 2394 507 2426 de
534 2392 671 2426 diversis

253 2441 371 2475 Mundi
397 2442 592 2483 reg-ionibus.

189 2504 320 2530 Dmves,
341 2501 466 2526 Psalteria
481 2502 638 2532 Rhythmica.
670 2502 704 2527 11.

863 211 917 244 10.
945 208 1082 255 [Gaude,
1110 212 1271 245 hominum
1298 213 1409 256 tutela,

943 259 1034 304 Spes,
1062 261 1205 293 solamen
1231 263 1263 292 et
1287 261 1422 304 medela,

989 309 1106 341 Mundi
1131 310 1210 342 seda
1237 310 1392 349 strepitus

944 355 985 387 Et
1010 357 1056 389 sio
1082 358 1167 390 mala
1194 360 1306 390 nostra
1330 357 1425 400 pelle,

943 403 988 436 Ut
1012 405 1130 437 nullius
1157 414 1214 438 nos
1239 406 1405 445 procellae

987 453 1152 493 Inquietet
1177 451 1334 498 spiritus}

858 538 913 572 11.
942 539 1065 579 Gaude,
1093 548 1203 580 regum
1231 540 1390 579 diadema,

940 587 1036 620 Cuius
1063 589 1270 628 praeparavit
1297 589 1427 621 schema

988 636 1154 678 Princeps,
1182 637 1235 677 qui
1263 636 1404 669 diluculo

938 683 990 716 Ex
1016 687 1154 725 paterna
1181 685 1348 718 voluntate

937 732 980 764 Et
1005 733 1139 773 propria
1162 736 1324 773 potestate

986 780 1134 814 Surrexit
1161 782 1202 814 de
1224 782 1355 814 tumulo.

857 868 910 901 12.
940 867 1064 909 Gaude,
1091 868 1236 908 paradisi
1262 868 1370 912 clavis,

938 917 969 947 A
997 916 1116 949 dolosis
1143 920 1175 948 et
1198 916 1324 956 ignavis

987 964 1053 996 Nos
1080 964 1255 996 clementer
1281 973 1408 1005 separa,

936 1012 997 1051 Qui
1024 1016 1187 1053 compotes
1213 1021 1316 1045 noxae
1341 1013 1448 1054 gravis

937 1060 1085 1093 Moribus
1111 1062 1230 1094 utendo
1255 1061 1365 1102 pravis

984 1109 1195 1141 Descendunt
1216 1109 1250 1141 in
1275 1112 1410 1143 tartara.

854 1196 910 1228 13.
938 1194 1063 1237 Gaude,
1090 1197 1188 1229 maris
1213 1195 1309 1228 huius
1335 1198 1428 1228 extra

935 1242 1071 1277 Fluctus
1097 1253 1229 1277 manens
1256 1247 1288 1276 et
1312 1254 1331 1277 a
1358 1245 1475 1277 dextra

983 1292 1046 1325 Tui
1070 1293 1187 1326 sedens
1210 1291 1281 1333 filii,

937 1340 1060 1373 Pedum
1083 1342 1173 1373 cuius
1190 1344 1267 1374 sunt,
1283 1341 1473 1382 scabellum,

939 1389 1057 1429 Velint,
1085 1390 1198 1432 nolint,
1225 1390 1268 1421 ad
1294 1388 1458 1431 flagellum

984 1437 1134 1471 Rebelles
1161 1443 1194 1470 et
1218 1438 1321 1479 impii.

853 1525 909 1559 14.
938 1524 1060 1567 Gaude,
1089 1528 1173 1565 actu,
1201 1524 1312 1569 verbo,
1339 1527 1447 1557 mente

935 1573 1005 1606 Deo
1031 1574 1174 1615 placens,
1201 1578 1233 1606 tc
1258 1572 1388 1606 favente

983 1621 1034 1654 Sit
1057 1626 1170 1655 nostra
1196 1620 1354 1655 confessio

934 1670 1014 1703 Tam
1039 1671 1192 1712 salubris,
1217 1674 1254 1702 ut
1278 1674 1450 1713 rectorum,

935 1718 986 1751 De
1010 1719 1116 1752 salute
1137 1720 1201 1752 iam
1229 1722 1388 1752 certorum

983 1769 1157 1808 Iungamur
1184 1768 1355 1801 consortio.

850 1857 907 1890 15.
934 1855 1059 1897 Gaude,
1086 1856 1190 1888 Deum
1215 1864 1297 1897 pure
1322 1856 1441 1898 colens,

935 1904 1043 1937 Solum
1071 1905 1154 1937 velle
1179 1904 1241 1937 Dei
1267 1904 1388 1948 volens,

982 1954 1092 1987 Rectis
1116 1963 1175 1986 nos
1201 1953 1335 1994 associa,

933 2003 1056 2043 Quibus
1082 2002 1170 2034 Deus
1194 2001 1371 2043 benedixit,

935 2051 1076 2091 Quorum
1103 2054 1212 2084 coetus
1237 2050 1292 2090 pie
1316 2050 1399 2082 vixit

984 2103 1092 2142 Atque
1116 2100 1196 2132 vicit
1219 2098 1331 2140 impia.

851 2198 907 2232 16.
935 2196 1059 2240 Gaude,
1079 2205 1222 2229 :summae
1237 2195 1344 2228 laudis
1356 2195 1470 2239 honor,

935 2247 999 2279 Pro
1024 2245 1155 2278 modulo
1180 2252 1251 2277 meo
1278 2253 1376 2277 conor

982 2294 1110 2328 Laudes
1134 2296 1206 2326 tuas
1233 2302 1359 2337 canere,

927 2344 1059 2377 Adiuva
1084 2351 1135 2374 me
1157 2351 1217 2384 per
1244 2342 1388 2376 divinum

929 2393 1054 2426 Nomen
1081 2391 1123 2424 ad
1149 2391 1334 2424 habendum
1354 2393 1470 2434 sinum,

978 2440 1069 2482 Quod
1095 2441 1214 2481 possim
1242 2441 1440 2483 pertingere.
