1655 2726
237 224 292 258 15,
316 226 397 271 Ave,
427 228 549 260 cunctis

365 276 565 314 praecellens
589 276 666 321 filia,

319 322 413 356 Orbis
439 326 546 356 terrae

361 371 459 405 ‘totius
486 372 622 417 domina,

314 419 466 463 Iubflare,

361 469 506 508 psallere
529 468 677 514 Domino7

313 515 359 548 Et
382 516 494 549 laudes
521 516 600 550 dare

362 562 415 596 fao
440 565 508 597 sine
532 566 678 600 termino.

231 639 286 672 16.
312 640 394 684 Ave,
423 642 544 674 eunetis

360 690 490 729 regibus
514 690 687 735 imperans,

313 736 506 770 Miserorum

360 788 468 818 reatus
492 786 658 829 miseram,

315 832 444 865 Vultum
469 837 558 866 tuum

358 889 456 921 super
479 891 537 914 nos
561 883 685 916 irradia

311 928 358 960 Et
381 930 563 963 miserando

357 985 485 1011 remove
510 978 598 1012 vitia.

228 1052 283 1084 17.
311 1054 391 1096 Ave,
418 1055 549 1088 vincens

358 1103 461 1134 ortum
488 1103 631 1145 diluculi,

310 1149 499 1183 Illuminans

355 1199 505 1231 tenebras
531 1200 660 1243 saeculi,

307 1244 476 1286 Effugatur

353 1303 373 1326 a
399 1296 451 1326 tua
476 1293 569 1339 facie,

306 1342 366 1381 Qui
390 1343 560 1375 adversum

352 1398 409 1422 nos
435 1393 500 1423 stat
523 1391 557 1424 in
582 1391 659 1427 acie.

221 1466 275 1499 18.
303 1467 382 1510 Ave,
410 1468 496 1500 salus

350 1515 480 1548 humani
505 1517 640 1562 generis,

304 1563 415 1607 Virgo,
443 1564 551 1604 proles

351 1620 416 1644 non
439 1612 533 1645 Adae
557 1613 686 1657 veteris,

302 1658 415 1692 Salvos
439 1669 498 1692 nos
525 1660 577 1693 fao

350 1717 370 1739 a
394 1709 638 1748 tempestatibus

303 1755 357 1788 Ad
382 1757 520 1788 animam

349 1804 620 1844 pervenientibus„

222 1880 276 1913 19.
303 1883 383 1923 Ave,
409 1890 469 1922 per
494 1891 588 1922 quam

351 1933 476 1963 creator
499 1931 637 1963 omnium

303 1978 398 2010 Venit
420 1978 513 2011 nobis

346 2026 381 2058 in
405 2026 610 2068 adjutorium,

297 2075 352 2116 Et,
380 2075 465 2115 quod
489 2078 601 2108 nostra
624 2085 687 2109 non

344 2126 508 2156 merentur
532 2133 640 2167 opera,

280 2171 463 2205 ,Auxilium

342 2219 405 2253 Dei
429 2221 614 2261 inpropera.

216 2299 271 2331 20.
297 2299 379 2340 Ave,
405 2298 507 2339 virgo,

343 2347 378 2378 in
402 2349 436 2379 te
460 2347 657 2387 sperantium

295 2397 383 2429 Vera
406 2396 502 2440 salus,

341 2453 452 2478 verum
473 2442 640 2487 refugium,

859 133 904 168 48

1005 230 1126 264 Libera
1149 242 1208 265 nos

1055 282 1111 312 tua
1133 280 1259 315 iustitia

1008 327 1054 360 Et
1078 328 1167 370 eripe

1052 386 1167 418 magna
1190 378 1329 412 miseria.

922 453 979 487 21.
1002 452 1083 494 Ave,
1111 453 1199 487 cujus

1051 504 1127 534 nato
1150 502 1304 536 iudicium

1003 548 1105 582 Dedit
1126 549 1214 583 Deus

1053 597 1191 631 omnium
1215 600 1366 640 gentium,

1004 644 1123 679 Confer
1147 647 1239 679 nobis

1052 694 1190 727 clemens
1215 696 1369 730 auxilium

1000 741 1099 783 Apud
1123 744 1208 784 regis

1050 792 1275 824 commendans
1299 791 1411 824 filium.

918 868 973 899 22.
998 867 1079 912 Ave,
1108 867 1199 902 bonis

1048 925 1173 957 quoque
1196 916 1372 958 virginibus

999 963 1044 996 Et
1066 964 1167 997 maior
1193 974 1227 998 es

1045 1011 1171 1045 feminis
1197 1012 1351 1058 omnibus,

998 1059 1135 1093 Praesta
1157 1070 1252 1093 nosse

1044 1108 1108 1140 tuis
1133 1107 1295 1152 fidelibus,

998 1154 1097 1194 Quam
1123 1156 1166 1189 sit
1190 1157 1291 1190 bonus

1043 1204 1145 1236 lsrael
1171 1205 1339 1240 Dominus,

913 1280 969 1313 23.
998 1280 1077 1325 Ave,
1103 1281 1203 1325 virgo,

1043 1338 1136 1369 quam
1161 1330 1223 1362 rite
1245 1330 1401 1370 praetulit

994 1376 1087 1409 Omni
1110 1378 1228 1411 mundo

1039 1433 1100 1457 nec
1124 1425 1211 1458 Deus
1235 1427 1387 1471 reppulit,

991 1472 1077 1505 Iram
1103 1474 1169 1506 eius

1040 1531 1059 1554 a
1082 1522 1175 1554 nobis
1200 1531 1329 1558 remove

991 1568 1037 1601 Et
1062 1579 1264 1610 compescens

1038 1616 1178 1651 furorem
1202 1628 1259 1652 nos
1286 1619 1370 1654 fove.

910 1694 964 1726 24.
991 1693 1073 1735 Ave,
1101 1695 1221 1728 Christi

1038 1747 1141 1775 mater
1168 1745 1364 1790 dignissima,

990 1789 1158 1825 Advocate.

1036 1843 1147 1873 nostra
1170 1842 1352 1886 purissima,

990 1886 1066 1930 Fae,
1093 1891 1130 1921 ut
1153 1891 1290 1924 nominis

1038 1937 1105 1969 eius
1131 1938 1289 1974 confessio

989 1983 1090 2017 Nobis
1115 1988 1219 2027 prosit

1037 2037 1069 2066 et
1091 2034 1262 2070 invocatio.

905 2110 960 2142 25.
987 2110 1066 2156 Ave,
1097 2112 1137 2145 de
1162 2124 1224 2155 qua

1036 2163 1176 2195 tonantis
1200 2163 1286 2198 filius

987 2207 1146 2250 Dignatus
1172 2215 1222 2244 est

1035 2259 1133 2302 nasci,
1161 2270 1225 2293 non
1242 2262 1335 2307 alius,

984 2304 1054 2339 Fae
1077 2316 1135 2340 nos
1159 2310 1254 2352 scire,

1032 2356 1117 2396 quod
1142 2358 1186 2390 sit
1209 2358 1402 2395 Emmanuel

986 2402 1081 2436 Cuius
1105 2414 1255 2448 magnum

1031 2462 1146 2487 nomen
1166 2455 1202 2487 in
1225 2455 1340 2491 Israel.

1405 2389 1413 2405 θ
