1655 2726
703 468 757 500 IX.
789 468 981 500 Psalterium

514 532 646 563 auctore
672 531 850 564 Guillermo
880 530 919 562 de
944 530 1169 572 Deguilevilla.

596 635 736 668 Prima
769 635 1090 676 Quinquagena.

196 712 224 743 ].
253 711 373 744 Beatus
398 711 459 752 vir,
488 712 540 752 qui
568 713 663 753 erigit

250 759 371 792 Mentis
398 760 520 793 vultum
549 764 581 791 et
607 761 720 802 dirigit

297 808 352 841 Ad
379 816 469 839 suum
498 809 716 847 directorium,

250 856 311 896 Qui
337 856 428 889 videt
453 859 486 888 et
510 857 670 898 intellegit

250 904 493 944 Memoriaeque
517 905 647 946 redigit,

297 953 327 984 A
354 961 416 993 quo
441 962 532 984 suum
561 953 775 994 principium3

250 1000 333 1032 Nam
360 1001 429 1032 eius
454 1003 564 1033 manet
587 999 701 1033 folium

252 1048 325 1081 Non
351 1046 494 1081 defluens
516 1057 576 1089 per
602 1049 713 1082 vitium

293 1097 351 1138 Et,
378 1096 404 1128 si
433 1095 562 1137 defluat,
591 1098 681 1138 eligit

246 1144 369 1186 Fugam
395 1145 437 1177 ad
465 1146 677 1178 diversorium

249 1193 452 1234 Ventumque
477 1195 584 1226 vitans
609 1195 738 1227 noxium

295 1242 423 1276 Ibidem
449 1251 484 1274 se
508 1243 679 1283 recolligit.

185 1318 193 1326 ³
210 1336 217 1343 .
246 1309 351 1349 Quare
377 1308 579 1342 fremuerunt
603 1310 741 1350 pridem,

247 1357 307 1397 Qui
333 1356 493 1399 refugium
518 1358 641 1391 ibidem

294 1407 447 1440 Habuere
472 1406 661 1448 fugientes?

246 1456 324 1495 Ipse
347 1455 437 1488 Deus
462 1458 571 1488 manet
595 1456 694 1497 idem,

244 1503 380 1544 Semper
402 1513 535 1536 manens
561 1504 730 1545 inibidem,

294 1552 469 1592 Recipiens
496 1561 606 1585 omnes
631 1556 762 1595 gentes3

246 1601 330 1634 Olim
358 1600 450 1633 fuere
475 1601 623 1634 videntes

244 1650 354 1690 Ipsum
384 1649 505 1682 dixisse
533 1649 688 1692 dicentes,

294 1698 387 1738 Quod
411 1701 487 1738 post
511 1699 686 1731 revelatam
711 1697 807 1731 fidem

243 1746 330 1779 Nato
358 1746 435 1780 dato
460 1747 494 1779 in
522 1750 673 1788 parentes

241 1795 427 1829 Exaudiret
451 1796 615 1829 venientes

289 1844 334 1877 Et,
356 1845 578 1885 supplicantes
604 1844 720 1879 eidem.

208 1939 214 1946 .
242 1912 392 1954 Domine,
421 1913 499 1953 quid
523 1912 734 1953 multiplicem

242 1961 351 1994 Verba
376 1962 482 1994 sciens
508 1965 541 1994 te
565 1961 705 1994 iudicem

290 2011 513 2044 Iudicaturum
540 2011 715 2056 saeculum,

241 2059 378 2091 Trinum
404 2059 508 2091 Deum
535 2061 568 2092 et
593 2060 783 2102 simplicem,

238 2107 484 2149 Revocatorem,
510 2108 651 2140 indicem

286 2156 476 2189 Errantium
504 2160 535 2190 et
562 2155 732 2191 exsulum?

239 2205 328 2237 Hinc
354 2214 491 2246 exsurgo
517 2213 578 2247 per
602 2206 745 2239 baiulum

239 2254 376 2288 Precum
404 2254 578 2287 clamorem
603 2255 751 2288 sedulum

285 2303 471 2336 Maiestatis
496 2304 539 2337 ad
566 2304 691 2344 apicem

239 2352 394 2393 Currens,
420 2355 458 2384 ut
482 2355 574 2385 tuum
600 2351 757 2385 famulum

238 2400 422 2434 Benedicas
448 2403 481 2433 et
503 2401 671 2443 populum,

286 2450 333 2484 Ut
357 2450 424 2483 sint
450 2451 628 2484 concordes
654 2449 803 2485 invicem.

887 714 919 745 4.
947 713 1026 746 Cum
1051 713 1255 746 immorarem
1282 716 1406 757 anxiuS,

944 761 1134 794 Multotiens
1160 762 1319 803 propitius

992 809 1096 842 Fuisti
1123 811 1210 854 mihi,
1237 810 1384 852 Domine,

945 857 1014 889 Nec
1039 858 1211 898 quidquam
1237 859 1313 891 mihi
1342 858 1465 898 melius,

943 906 1043 945 Quam
1070 907 1155 946 quod
1181 906 1239 939 fias
1265 907 1372 939 adhuc
1396 907 1468 947 pius

993 954 1124 996 Signato
1150 956 1257 987 vultus
1282 956 1421 998 lumine,

943 1001 1025 1034 Olim
1052 1005 1183 1041 pactum
1208 1011 1279 1034 cum
1304 1004 1432 1036 homine

945 1049 1023 1082 Cum
1048 1049 1116 1082 filio
1142 1053 1174 1082 et
1199 1049 1328 1083 flamine

992 1098 1046 1131 Sic
1071 1096 1188 1140 fecisti,
1215 1099 1300 1138 quod
1325 1098 1411 1132 filius

942 1146 1079 1178 Carnem
1105 1147 1243 1186 sumpsit
1268 1156 1307 1179 ex
1332 1148 1458 1188 virgine

940 1194 1028 1227 Miro
1056 1198 1228 1235 conceptus
1254 1196 1379 1238 ordine,

990 1242 1081 1275 Nihil
1105 1243 1198 1275 nobis
1223 1244 1345 1277 utilius.

905 1336 912 1342 .
941 1310 1048 1343 Verba
1072 1319 1144 1342 mea
1169 1311 1244 1343 hinc
1266 1312 1354 1354 erigo

939 1360 994 1391 Ad
1020 1362 1064 1401 te,
1091 1358 1148 1400 fili,
1177 1362 1210 1391 et
1236 1359 1338 1401 dirigo

989 1407 1050 1447 Qui
1075 1407 1117 1439 ad
1140 1408 1276 1440 salutem
1302 1409 1431 1448 venisti,

942 1456 1016 1488 Tibi
1042 1464 1093 1487 me
1118 1464 1246 1488 servum
1272 1456 1379 1498 obligo

938 1504 982 1536 Et
1007 1503 1068 1536 sub
1095 1506 1127 1536 te
1152 1514 1204 1537 me
1229 1506 1394 1547 recolligo,

987 1552 1039 1585 Ne
1063 1561 1204 1598 peream,
1233 1562 1326 1593 quem
1352 1553 1478 1597 fecisti;

938 1601 984 1633 Et
1009 1602 1037 1633 si
1061 1601 1188 1642 iniquos
1215 1602 1313 1634 odisti

937 1649 1007 1682 Nec
1031 1653 1199 1690 peccatum
1226 1651 1367 1691 voluisti,

988 1698 1057 1739 Cui,
1085 1707 1144 1731 vae
1169 1698 1258 1739 mihi,
1285 1708 1337 1731 me
1361 1699 1485 1741 subigo,

939 1746 1070 1779 Scutum
1096 1750 1203 1780 tamen
1230 1750 1262 1779 te
1289 1748 1408 1781 dedisti

937 1795 1021 1828 Mihi
1048 1798 1080 1827 et
1105 1795 1310 1839 benedixisti,

986 1844 1022 1877 Si
1045 1853 1162 1877 nornen
1186 1848 1278 1877 tuum
1304 1845 1414 1887 diligo,

904 1939 911 1945 .
938 1912 1089 1953 Domine,
1116 1921 1157 1944 ne
1181 1913 1214 1945 in
1241 1910 1352 1945 furore

941 1961 1064 1994 Iudicis
1090 1961 1166 1993 irati
1191 1970 1281 1993 more

989 2009 1187 2051 Quandoque
1211 2019 1264 2042 me
1289 2010 1456 2051 corripias,

942 2059 990 2091 Tu
1016 2058 1090 2097 sciS,
1118 2059 1204 2099 quod
1230 2058 1300 2090 sine
1326 2059 1439 2092 dolore

940 2107 1059 2140 Nullae
1084 2108 1163 2139 mihi
1189 2107 1269 2140 fiunt
1294 2108 1394 2140 horae

988 2156 1184 2189 Sustinendo
1209 2155 1374 2198 miserias;

938 2205 1046 2248 Unde,
1072 2205 1136 2236 nisi
1161 2204 1240 2237 mihi
1265 2205 1337 2246 pias

939 2254 1090 2287 Praestes
1114 2253 1354 2286 misericordias

986 2302 1129 2335 Haustas
1156 2311 1196 2335 ex
1222 2304 1277 2334 tuo
1303 2312 1427 2343 cruore,

936 2351 1100 2384 Turbatus
1126 2360 1197 2383 sum
1221 2351 1327 2384 nullas
1352 2353 1423 2385 vias

938 2400 1022 2433 Mihi
1048 2399 1163 2432 videns
1188 2400 1359 2443 propitias,

984 2449 1215 2491 Expavescens
1241 2458 1311 2482 cum
1335 2453 1485 2486 tremore.
