1655 2726
558 671 612 703 111.
653 671 844 703 Psalterium
864 670 979 701 beatae
999 669 1119 701 Mariae
1146 668 1182 699 V.

628 771 769 804 Prima
804 770 1121 810 Quinquagena.

231 858 263 892 1.
287 858 368 898 Ave,
397 858 492 890 decus

336 906 474 938 omnium
494 904 664 947 virginum,

288 953 466 986 Mediatrix

336 1001 398 1033 Dei
425 1005 457 1033 et
480 1000 652 1042 hominum,

286 1050 374 1090 Quae
398 1049 549 1090 sprevisti

335 1106 471 1137 nequam
498 1097 674 1137 consilium,

292 1144 454 1186 Coniunge
477 1153 535 1176 nos

338 1193 443 1225 choris
469 1192 662 1226 caelestium.

229 1271 262 1303 2.
288 1270 369 1308 Ave,
398 1270 495 1301 decor

338 1319 372 1349 et
396 1317 493 1349 decus
518 1318 647 1361 saeculi,

290 1365 465 1398 Christiani

333 1422 406 1453 spes
433 1421 509 1446 vera
533 1413 655 1455 populi,

292 1461 471 1493 Meditatae
495 1463 569 1492 sunt

340 1509 451 1549 plebes
475 1508 584 1540 inania

291 1556 368 1601 Fac,
395 1560 431 1588 ut
455 1556 616 1589 salvemur

338 1605 397 1637 Dei
424 1604 538 1646 gratia.

236 1682 268 1715 3.
293 1682 373 1724 Ave,
399 1681 553 1721 templum

343 1729 489 1762 caelestis
514 1729 652 1771 luminis,

291 1778 388 1810 Alma
411 1777 474 1811 Dei

339 1828 442 1858 mater
468 1828 500 1857 et
523 1825 669 1863 hominis,

291 1874 490 1914 Multiplices

340 1932 397 1955 nos
422 1921 643 1955 tribulantium

293 1972 408 2005 Preme
432 1970 534 2002 minas

344 2022 376 2051 et
397 2018 639 2059 insurgentium.

232 2098 266 2131 4.
286 2097 367 2137 Ave,
394 2097 487 2129 sedes

340 2144 463 2177 aeterni
487 2143 626 2184 luminis,

295 2192 554 2225 Demonstratrix

342 2240 493 2281 perennis
518 2240 644 2281 sideris,

292 2289 484 2323 Invocantes

342 2338 418 2370 audi
443 2337 593 2380 propitia,

295 2386 481 2419 Tribulatos

342 2444 384 2468 ne
408 2443 551 2477 spernas,
581 2433 718 2467 domina.

917 858 949 890 5.
974 856 1055 899 Ave,
1083 854 1174 888 verbi

1023 904 1085 936 Dei
1109 902 1282 935 triclinium

974 952 1019 985 Et
1043 952 1175 992 spiritus

1025 1000 1127 1032 sancti
1152 998 1336 1038 sacrarium,

976 1048 1111 1080 Pietatis

1025 1096 1155 1129 auribus
1180 1094 1322 1135 percipe,

976 1143 1086 1176 Verba
1109 1142 1211 1175 nostri

1028 1190 1175 1224 clamoris
1201 1189 1337 1230 suscipe.

920 1269 951 1301 6.
978 1269 1058 1309 Ave⁷
1086 1269 1185 1309 virgo,

1028 1317 1148 1348 candor
1173 1315 1345 1356 virgineus,

978 1364 1027 1396 De
1053 1374 1114 1405 qua
1138 1363 1229 1396 nasci

1028 1413 1174 1453 dignatus
1201 1411 1363 1452 Dominus,

977 1460 1027 1492 Ne
1051 1470 1108 1493 nos
1134 1459 1224 1492 furor

1030 1508 1155 1540 divinus
1181 1510 1305 1548 arguat,

980 1556 1089 1589 Oratio
1113 1565 1171 1589 nos

1027 1608 1081 1636 tua
1106 1605 1318 1646 praemuniat.

922 1682 953 1715 7.
981 1683 1058 1725 Ave,
1085 1684 1188 1714 mater

1028 1730 1089 1762 Dei
1115 1733 1146 1762 et
1171 1729 1311 1770 Domini.

981 1779 1042 1810 Per
1067 1787 1160 1819 quam
1186 1777 1273 1810 Deus

1027 1826 1175 1859 subvenit
1199 1827 1329 1869 homini,

982 1873 1093 1907 Salvos
1119 1884 1176 1908 nos
1203 1873 1255 1907 fac

1027 1923 1164 1956 clemens
1190 1923 1229 1955 ab
1256 1924 1401 1957 omnibus

979 1970 1023 2003 Et
1048 1972 1152 2004 libera
1176 1981 1196 2004 a

1027 2020 1298 2060 persecutoribus.

924 2096 955 2128 8.
981 2096 1062 2138 Ave,
1084 2106 1201 2138 parens

1027 2146 1114 2178 illius
1139 2146 1279 2189 Domini,

984 2193 1078 2226 Cuius
1104 2195 1214 2228 subest

1029 2242 1115 2275 orbis
1140 2244 1298 2285 regimini,

979 2289 1047 2322 Fac
1070 2301 1130 2332 per
1153 2295 1218 2333 tua,

1032 2339 1132 2382 virgo,
1159 2340 1322 2383 suffragia,

983 2388 1030 2421 Ut
1053 2390 1158 2423 tecum
1184 2390 1282 2422 simus

1031 2437 1064 2468 in
1090 2438 1157 2470 eius
1183 2438 1296 2478 gloria.
