<?xml version="1.0" encoding="UTF-8"?>
<!DOCTYPE html PUBLIC "-//W3C//DTD XHTML 1.0 Transitional//EN"
    "http://www.w3.org/TR/xhtml1/DTD/xhtml1-transitional.dtd">
<html xmlns="http://www.w3.org/1999/xhtml" xml:lang="en" lang="en">
 <head>
  <title>
</title>
<meta http-equiv="Content-Type" content="text/html;charset=utf-8" />
  <meta name='ocr-system' content='tesseract 3.04.00' />
  <meta name='ocr-capabilities' content='ocr_page ocr_carea ocr_par ocr_line ocrx_word'/>
</head>
<body>
  <div class='ocr_page' id='page_1' title='image "./analectahymnica36drevuoft_00148.png"; bbox 0 0 1655 2726; ppageno 0'>
   <div class='ocr_carea' id='block_1_1' title="bbox 653 118 915 154">
    <p class='ocr_par' dir='ltr' id='par_1_1' title="bbox 653 118 915 154">
     <span class='ocr_line' id='line_1_1' title="bbox 653 118 915 154; baseline -0.004 0"><span class='ocrx_word' id='word_1_1' title='bbox 653 118 915 154; x_wconf 71' lang='lat'>-145—</span> 
     </span>
    </p>
   </div>
   <div class='ocr_carea' id='block_1_2' title="bbox 118 212 736 393">
    <p class='ocr_par' dir='ltr' id='par_1_2' title="bbox 118 212 736 393">
     <span class='ocr_line' id='line_1_2' title="bbox 118 212 618 255; baseline 0.004 -10"><span class='ocrx_word' id='word_1_2' title='bbox 118 212 200 245; x_wconf 83' lang='lat'>276.</span> <span class='ocrx_word' id='word_1_3' title='bbox 217 212 363 253; x_wconf 84' lang='lat' dir='ltr'>Caligine</span> <span class='ocrx_word' id='word_1_4' title='bbox 389 214 496 245; x_wconf 82' lang='lat' dir='ltr'>tamen</span> <span class='ocrx_word' id='word_1_5' title='bbox 521 215 618 255; x_wconf 81' lang='lat' dir='ltr'>pulsa</span> 
     </span>
     <span class='ocr_line' id='line_1_3' title="bbox 213 261 736 302; baseline 0.006 -9"><span class='ocrx_word' id='word_1_6' title='bbox 213 261 277 293; x_wconf 87' lang='lat' dir='ltr'>Per</span> <span class='ocrx_word' id='word_1_7' title='bbox 301 263 432 302; x_wconf 85' lang='lat' dir='ltr'>partum</span> <span class='ocrx_word' id='word_1_8' title='bbox 455 264 586 295; x_wconf 82' lang='lat' dir='ltr'>sanctae</span> <span class='ocrx_word' id='word_1_9' title='bbox 611 263 736 296; x_wconf 79' lang='lat' dir='ltr'>Mariae</span> 
     </span>
     <span class='ocr_line' id='line_1_4' title="bbox 214 309 673 344; baseline 0.004 -2"><span class='ocrx_word' id='word_1_10' title='bbox 214 309 324 342; x_wconf 81' lang='lat' dir='ltr'>Radix</span> <span class='ocrx_word' id='word_1_11' title='bbox 348 309 462 342; x_wconf 87' lang='lat' dir='ltr'>mortis</span> <span class='ocrx_word' id='word_1_12' title='bbox 489 313 537 343; x_wconf 87' lang='lat' dir='ltr'>est</span> <span class='ocrx_word' id='word_1_13' title='bbox 563 311 673 344; x_wconf 82' lang='lat' dir='ltr'>evulsa</span> 
     </span>
     <span class='ocr_line' id='line_1_5' title="bbox 212 357 627 393; baseline 0.01 -4"><span class='ocrx_word' id='word_1_14' title='bbox 212 357 243 390; x_wconf 92' lang='lat' dir='ltr'>A</span> <span class='ocrx_word' id='word_1_15' title='bbox 268 357 392 390; x_wconf 88' lang='lat' dir='ltr'>semitis</span> <span class='ocrx_word' id='word_1_16' title='bbox 417 357 521 391; x_wconf 89' lang='lat' dir='ltr'>bonae</span> <span class='ocrx_word' id='word_1_17' title='bbox 545 359 627 393; x_wconf 85' lang='lat' dir='ltr'>viae.</span> 
     </span>
    </p>
   </div>
   <div class='ocr_carea' id='block_1_3' title="bbox 119 436 732 622">
    <p class='ocr_par' dir='ltr' id='par_1_3' title="bbox 119 436 732 622">
     <span class='ocr_line' id='line_1_6' title="bbox 119 436 732 470; baseline 0 -1"><span class='ocrx_word' id='word_1_18' title='bbox 119 437 200 470; x_wconf 86' lang='grc'><strong>277,</strong></span> <span class='ocrx_word' id='word_1_19' title='bbox 220 436 298 469; x_wconf 83' lang='lat' dir='ltr'>Viae</span> <span class='ocrx_word' id='word_1_20' title='bbox 322 438 432 468; x_wconf 81' lang='lat' dir='ltr'>astans</span> <span class='ocrx_word' id='word_1_21' title='bbox 456 436 520 468; x_wconf 89' lang='lat' dir='ltr'>iam</span> <span class='ocrx_word' id='word_1_22' title='bbox 546 446 609 469; x_wconf 89' lang='lat' dir='ltr'>non</span> <span class='ocrx_word' id='word_1_23' title='bbox 629 437 732 470; x_wconf 85' lang='lat' dir='ltr'>bonae</span> 
     </span>
     <span class='ocr_line' id='line_1_7' title="bbox 214 484 656 526; baseline 0.002 -10"><span class='ocrx_word' id='word_1_24' title='bbox 214 484 311 517; x_wconf 81' lang='lat' dir='ltr'>quta</span> <span class='ocrx_word' id='word_1_25' title='bbox 337 486 448 525; x_wconf 77' lang='lat' dir='ltr'>portas</span> <span class='ocrx_word' id='word_1_26' title='bbox 475 488 523 517; x_wconf 84' lang='lat' dir='ltr'>est</span> <span class='ocrx_word' id='word_1_27' title='bbox 548 484 656 526; x_wconf 84' lang='lat' dir='ltr'>inferi,</span> 
     </span>
     <span class='ocr_line' id='line_1_8' title="bbox 215 532 602 574; baseline 0.005 -10"><span class='ocrx_word' id='word_1_28' title='bbox 215 532 278 574; x_wconf 75' lang='lat' dir='ltr'>Qui</span> <span class='ocrx_word' id='word_1_29' title='bbox 303 533 365 565; x_wconf 89' lang='lat' dir='ltr'>hoc</span> <span class='ocrx_word' id='word_1_30' title='bbox 389 532 452 565; x_wconf 90' lang='lat' dir='ltr'>Dei</span> <span class='ocrx_word' id='word_1_31' title='bbox 480 533 602 566; x_wconf 80' lang='lat' dir='ltr'>ditione</span> 
     </span>
     <span class='ocr_line' id='line_1_9' title="bbox 213 581 640 622; baseline 0 -7"><span class='ocrx_word' id='word_1_32' title='bbox 213 582 287 615; x_wconf 88' lang='lat' dir='ltr'>Non</span> <span class='ocrx_word' id='word_1_33' title='bbox 312 582 417 614; x_wconf 89' lang='lat' dir='ltr'>credit</span> <span class='ocrx_word' id='word_1_34' title='bbox 438 590 534 622; x_wconf 87' lang='lat' dir='ltr'>posse</span> <span class='ocrx_word' id='word_1_35' title='bbox 557 581 640 615; x_wconf 83' lang='lat' dir='ltr'>fieri.</span> 
     </span>
    </p>
   </div>
   <div class='ocr_carea' id='block_1_4' title="bbox 124 659 723 847">
    <p class='ocr_par' dir='ltr' id='par_1_4' title="bbox 124 659 723 847">
     <span class='ocr_line' id='line_1_10' title="bbox 124 659 556 695; baseline -0.005 -1"><span class='ocrx_word' id='word_1_36' title='bbox 124 661 205 695; x_wconf 84' lang='grc'>278,</span> <span class='ocrx_word' id='word_1_37' title='bbox 220 659 311 693; x_wconf 85' lang='lat' dir='ltr'>Fieri</span> <span class='ocrx_word' id='word_1_38' title='bbox 336 659 439 693; x_wconf 89' lang='lat' dir='ltr'>voluit</span> <span class='ocrx_word' id='word_1_39' title='bbox 463 660 556 693; x_wconf 88' lang='lat' dir='ltr'>homo</span> 
     </span>
     <span class='ocr_line' id='line_1_11' title="bbox 218 709 634 751; baseline 0 -10"><span class='ocrx_word' id='word_1_40' title='bbox 218 709 306 741; x_wconf 87' lang='lat' dir='ltr'>Deus</span> <span class='ocrx_word' id='word_1_41' title='bbox 334 711 460 741; x_wconf 83' lang='lat' dir='ltr'>creator</span> <span class='ocrx_word' id='word_1_42' title='bbox 484 709 634 751; x_wconf 88' lang='lat' dir='ltr'>omnium,</span> 
     </span>
     <span class='ocr_line' id='line_1_12' title="bbox 215 758 690 800; baseline -0.002 -8"><span class='ocrx_word' id='word_1_43' title='bbox 215 758 263 792; x_wconf 81' lang='lat' dir='ltr'>Ut</span> <span class='ocrx_word' id='word_1_44' title='bbox 288 758 432 790; x_wconf 82' lang='lat' dir='ltr'>salvaret</span> <span class='ocrx_word' id='word_1_45' title='bbox 452 758 563 798; x_wconf 88' lang='lat' dir='ltr'>lapsos</span> <span class='ocrx_word' id='word_1_46' title='bbox 585 766 690 800; x_wconf 89' lang='lat' dir='ltr'>pomo,</span> 
     </span>
     <span class='ocr_line' id='line_1_13' title="bbox 216 805 723 847; baseline 0.002 -8"><span class='ocrx_word' id='word_1_47' title='bbox 216 806 304 839; x_wconf 88' lang='lat' dir='ltr'>Dum</span> <span class='ocrx_word' id='word_1_48' title='bbox 329 809 477 847; x_wconf 79' lang='lat' dir='ltr'>portares</span> <span class='ocrx_word' id='word_1_49' title='bbox 501 806 586 839; x_wconf 90' lang='lat' dir='ltr'>hunc</span> <span class='ocrx_word' id='word_1_50' title='bbox 610 805 723 840; x_wconf 85' lang='lat' dir='ltr'>filium.</span> 
     </span>
    </p>
   </div>
   <div class='ocr_carea' id='block_1_5' title="bbox 120 882 638 1069">
    <p class='ocr_par' dir='ltr' id='par_1_5' title="bbox 120 882 638 1069">
     <span class='ocr_line' id='line_1_14' title="bbox 120 882 620 927; baseline -0.004 -10"><span class='ocrx_word' id='word_1_51' title='bbox 120 884 163 916; x_wconf 86' lang='grc'>27</span> <span class='ocrx_word' id='word_1_52' title='bbox 169 885 201 917; x_wconf 87' lang='grc'>9.</span> <span class='ocrx_word' id='word_1_53' title='bbox 215 882 337 916; x_wconf 82' lang='lat' dir='ltr'>Filium</span> <span class='ocrx_word' id='word_1_54' title='bbox 361 883 448 915; x_wconf 86' lang='lat' dir='ltr'>hunc</span> <span class='ocrx_word' id='word_1_55' title='bbox 472 883 620 927; x_wconf 82' lang='lat' dir='ltr'>genuisti,</span> 
     </span>
     <span class='ocr_line' id='line_1_15' title="bbox 213 931 638 974; baseline 0.002 -11"><span class='ocrx_word' id='word_1_56' title='bbox 213 932 281 971; x_wconf 75' lang='lat' dir='ltr'>Quo</span> <span class='ocrx_word' id='word_1_57' title='bbox 307 931 438 964; x_wconf 88' lang='lat' dir='ltr'>videtur</span> <span class='ocrx_word' id='word_1_58' title='bbox 462 931 549 964; x_wconf 86' lang='lat' dir='ltr'>vitae</span> <span class='ocrx_word' id='word_1_59' title='bbox 577 932 638 974; x_wconf 89' lang='lat' dir='ltr'>via,</span> 
     </span>
     <span class='ocr_line' id='line_1_16' title="bbox 216 979 638 1021; baseline 0 -9"><span class='ocrx_word' id='word_1_60' title='bbox 216 979 314 1013; x_wconf 91' lang='lat' dir='ltr'>Domi</span> <span class='ocrx_word' id='word_1_61' title='bbox 338 980 444 1013; x_wconf 90' lang='lat' dir='ltr'>Deum</span> <span class='ocrx_word' id='word_1_62' title='bbox 471 980 638 1021; x_wconf 80' lang='lat' dir='ltr'>excepisti,</span> 
     </span>
     <span class='ocr_line' id='line_1_17' title="bbox 213 1027 614 1069; baseline 0.005 -9"><span class='ocrx_word' id='word_1_63' title='bbox 213 1027 276 1060; x_wconf 93' lang='lat' dir='ltr'>Dei</span> <span class='ocrx_word' id='word_1_64' title='bbox 302 1028 426 1069; x_wconf 64' lang='lat' dir='ltr'>domm,</span> <span class='ocrx_word' id='word_1_65' title='bbox 453 1038 471 1061; x_wconf 91' lang='lat' dir='ltr'>o</span> <span class='ocrx_word' id='word_1_66' title='bbox 496 1028 614 1062; x_wconf 87' lang='lat' dir='ltr'>Maria.</span> 
     </span>
    </p>
   </div>
   <div class='ocr_carea' id='block_1_6' title="bbox 121 1104 706 1292">
    <p class='ocr_par' dir='ltr' id='par_1_6' title="bbox 121 1104 706 1292">
     <span class='ocr_line' id='line_1_18' title="bbox 121 1104 644 1149; baseline -0.004 -11"><span class='ocrx_word' id='word_1_67' title='bbox 121 1105 202 1138; x_wconf 88' lang='grc'>280.</span> <span class='ocrx_word' id='word_1_68' title='bbox 217 1104 335 1149; x_wconf 80' lang='lat' dir='ltr'>Maria,</span> <span class='ocrx_word' id='word_1_69' title='bbox 365 1105 477 1138; x_wconf 88' lang='lat' dir='ltr'>domus</span> <span class='ocrx_word' id='word_1_70' title='bbox 500 1105 644 1148; x_wconf 80' lang='lat' dir='ltr'>Domini,</span> 
     </span>
     <span class='ocr_line' id='line_1_19' title="bbox 212 1153 706 1196; baseline 0 -10"><span class='ocrx_word' id='word_1_71' title='bbox 212 1153 253 1186; x_wconf 87' lang='lat' dir='ltr'>In</span> <span class='ocrx_word' id='word_1_72' title='bbox 277 1162 342 1194; x_wconf 85' lang='lat' dir='ltr'>qua</span> <span class='ocrx_word' id='word_1_73' title='bbox 364 1156 493 1186; x_wconf 80' lang='lat' dir='ltr'>torrens</span> <span class='ocrx_word' id='word_1_74' title='bbox 518 1154 706 1196; x_wconf 76' lang='lat' dir='ltr'>voluptatis,</span> 
     </span>
     <span class='ocr_line' id='line_1_20' title="bbox 212 1202 701 1243; baseline -0.002 -8"><span class='ocrx_word' id='word_1_75' title='bbox 212 1203 301 1235; x_wconf 86' lang='lat' dir='ltr'>Fons</span> <span class='ocrx_word' id='word_1_76' title='bbox 328 1202 413 1235; x_wconf 87' lang='lat' dir='ltr'>vitae</span> <span class='ocrx_word' id='word_1_77' title='bbox 440 1202 543 1235; x_wconf 89' lang='lat' dir='ltr'>dulcis</span> <span class='ocrx_word' id='word_1_78' title='bbox 569 1202 701 1243; x_wconf 88' lang='lat' dir='ltr'>homini,</span> 
     </span>
     <span class='ocr_line' id='line_1_21' title="bbox 212 1250 642 1292; baseline 0.002 -10"><span class='ocrx_word' id='word_1_79' title='bbox 212 1250 268 1283; x_wconf 90' lang='lat' dir='ltr'>Me</span> <span class='ocrx_word' id='word_1_80' title='bbox 293 1254 408 1292; x_wconf 85' lang='lat' dir='ltr'>potare</span> <span class='ocrx_word' id='word_1_81' title='bbox 433 1250 506 1283; x_wconf 88' lang='lat' dir='ltr'>veni</span> <span class='ocrx_word' id='word_1_82' title='bbox 531 1251 642 1292; x_wconf 79' lang='lat' dir='ltr'>gratis.</span> 
     </span>
    </p>
   </div>
   <div class='ocr_carea' id='block_1_7' title="bbox 116 1327 624 1515">
    <p class='ocr_par' dir='ltr' id='par_1_7' title="bbox 116 1327 624 1515">
     <span class='ocr_line' id='line_1_22' title="bbox 116 1327 598 1362; baseline -0.002 0"><span class='ocrx_word' id='word_1_83' title='bbox 116 1329 196 1362; x_wconf 87' lang='lat'>281.</span> <span class='ocrx_word' id='word_1_84' title='bbox 213 1328 324 1362; x_wconf 85' lang='lat' dir='ltr'>Gratis</span> <span class='ocrx_word' id='word_1_85' title='bbox 350 1331 405 1361; x_wconf 91' lang='lat' dir='ltr'>tuo</span> <span class='ocrx_word' id='word_1_86' title='bbox 430 1327 598 1361; x_wconf 86' lang='lat' dir='ltr'>sollemnio</span> 
     </span>
     <span class='ocr_line' id='line_1_23' title="bbox 211 1377 618 1411; baseline -0.005 0"><span class='ocrx_word' id='word_1_87' title='bbox 211 1377 392 1411; x_wconf 85' lang='lat' dir='ltr'>Monachos</span> <span class='ocrx_word' id='word_1_88' title='bbox 418 1380 453 1409; x_wconf 92' lang='lat' dir='ltr'>tu</span> <span class='ocrx_word' id='word_1_89' title='bbox 479 1377 618 1410; x_wconf 80' lang='lat' dir='ltr'>visitasti</span> 
     </span>
     <span class='ocr_line' id='line_1_24' title="bbox 212 1425 542 1459; baseline 0 -1"><span class='ocrx_word' id='word_1_90' title='bbox 212 1425 258 1459; x_wconf 87' lang='lat' dir='ltr'>Et</span> <span class='ocrx_word' id='word_1_91' title='bbox 281 1425 341 1459; x_wconf 85' lang='lat' dir='ltr'>hos</span> <span class='ocrx_word' id='word_1_92' title='bbox 367 1426 542 1459; x_wconf 74' lang='lat' dir='ltr'>electuario</span> 
     </span>
     <span class='ocr_line' id='line_1_25' title="bbox 215 1473 624 1515; baseline 0 -9"><span class='ocrx_word' id='word_1_93' title='bbox 215 1473 322 1514; x_wconf 82' lang='lat' dir='ltr'>Dulci,</span> <span class='ocrx_word' id='word_1_94' title='bbox 349 1474 467 1514; x_wconf 82' lang='lat' dir='ltr'>Maria,</span> <span class='ocrx_word' id='word_1_95' title='bbox 492 1474 624 1515; x_wconf 73' lang='lat' dir='ltr'>potasti.</span> 
     </span>
    </p>
   </div>
   <div class='ocr_carea' id='block_1_8' title="bbox 120 1552 650 1741">
    <p class='ocr_par' dir='ltr' id='par_1_8' title="bbox 120 1552 650 1741">
     <span class='ocr_line' id='line_1_26' title="bbox 120 1552 636 1586; baseline -0.002 0"><span class='ocrx_word' id='word_1_96' title='bbox 120 1553 201 1586; x_wconf 91' lang='lat'>282.</span> <span class='ocrx_word' id='word_1_97' title='bbox 216 1552 333 1585; x_wconf 85' lang='lat' dir='ltr'>Astitit</span> <span class='ocrx_word' id='word_1_98' title='bbox 361 1552 448 1585; x_wconf 81' lang='lat' dir='ltr'>inter</span> <span class='ocrx_word' id='word_1_99' title='bbox 472 1553 531 1585; x_wconf 88' lang='lat' dir='ltr'>hos</span> <span class='ocrx_word' id='word_1_100' title='bbox 556 1561 636 1585; x_wconf 86' lang='lat' dir='ltr'>unus</span> 
     </span>
     <span class='ocr_line' id='line_1_27' title="bbox 216 1601 602 1641; baseline -0.003 -7"><span class='ocrx_word' id='word_1_101' title='bbox 216 1601 346 1634; x_wconf 87' lang='lat' dir='ltr'>Peritus</span> <span class='ocrx_word' id='word_1_102' title='bbox 373 1601 405 1633; x_wconf 89' lang='lat' dir='ltr'>in</span> <span class='ocrx_word' id='word_1_103' title='bbox 431 1601 602 1641; x_wconf 85' lang='lat' dir='ltr'>medicina,</span> 
     </span>
     <span class='ocr_line' id='line_1_28' title="bbox 216 1649 650 1690; baseline -0.005 -7"><span class='ocrx_word' id='word_1_104' title='bbox 216 1650 275 1683; x_wconf 89' lang='lat' dir='ltr'>Cui</span> <span class='ocrx_word' id='word_1_105' title='bbox 295 1650 405 1690; x_wconf 88' lang='lat' dir='ltr'>poculi</span> <span class='ocrx_word' id='word_1_106' title='bbox 431 1649 513 1683; x_wconf 84' lang='lat' dir='ltr'>tanti</span> <span class='ocrx_word' id='word_1_107' title='bbox 536 1659 650 1682; x_wconf 89' lang='lat' dir='ltr'>munus</span> 
     </span>
     <span class='ocr_line' id='line_1_29' title="bbox 212 1698 635 1741; baseline 0.002 -10"><span class='ocrx_word' id='word_1_108' title='bbox 212 1698 359 1741; x_wconf 80' lang='lat' dir='ltr'>Negasti,</span> <span class='ocrx_word' id='word_1_109' title='bbox 385 1702 489 1732; x_wconf 76' lang='lat' dir='ltr'>mater</span> <span class='ocrx_word' id='word_1_110' title='bbox 516 1699 635 1732; x_wconf 82' lang='lat' dir='ltr'>divina.</span> 
     </span>
    </p>
   </div>
   <div class='ocr_carea' id='block_1_9' title="bbox 817 216 1446 403">
    <p class='ocr_par' dir='ltr' id='par_1_9' title="bbox 817 216 1446 403">
     <span class='ocr_line' id='line_1_30' title="bbox 817 216 1290 252; baseline 0 -3"><span class='ocrx_word' id='word_1_111' title='bbox 817 219 897 252; x_wconf 87' lang='lat'>283.</span> <span class='ocrx_word' id='word_1_112' title='bbox 912 217 1032 250; x_wconf 82' lang='lat' dir='ltr'>Divina</span> <span class='ocrx_word' id='word_1_113' title='bbox 1058 216 1290 250; x_wconf 80' lang='lat' dir='ltr'>delectamenta</span> 
     </span>
     <span class='ocr_line' id='line_1_31' title="bbox 910 264 1446 305; baseline -0.006 -7"><span class='ocrx_word' id='word_1_114' title='bbox 910 265 1098 298; x_wconf 85' lang='lat' dir='ltr'>Monstrans</span> <span class='ocrx_word' id='word_1_115' title='bbox 1127 274 1192 298; x_wconf 84' lang='lat' dir='ltr'>non</span> <span class='ocrx_word' id='word_1_116' title='bbox 1220 264 1293 297; x_wconf 74' lang='lat' dir='ltr'>dari</span> <span class='ocrx_word' id='word_1_117' title='bbox 1317 264 1446 305; x_wconf 80' lang='lat' dir='ltr'>talibus,</span> 
     </span>
     <span class='ocr_line' id='line_1_32' title="bbox 912 313 1361 353; baseline 0.002 -9"><span class='ocrx_word' id='word_1_118' title='bbox 912 314 1051 353; x_wconf 71' lang='lat' dir='ltr'>Quorum</span> <span class='ocrx_word' id='word_1_119' title='bbox 1076 314 1144 346; x_wconf 81' lang='lat' dir='ltr'>vita</span> <span class='ocrx_word' id='word_1_120' title='bbox 1168 314 1211 346; x_wconf 89' lang='lat' dir='ltr'>sit</span> <span class='ocrx_word' id='word_1_121' title='bbox 1235 313 1361 345; x_wconf 84' lang='lat' dir='ltr'>intenta</span> 
     </span>
     <span class='ocr_line' id='line_1_33' title="bbox 912 361 1296 403; baseline 0 -9"><span class='ocrx_word' id='word_1_122' title='bbox 912 361 1040 395; x_wconf 81' lang='lat' dir='ltr'>Saeculi</span> <span class='ocrx_word' id='word_1_123' title='bbox 1065 361 1296 403; x_wconf 77' lang='lat' dir='ltr'>voluptatibus.</span> 
     </span>
    </p>
   </div>
   <div class='ocr_carea' id='block_1_10' title="bbox 816 439 1364 617">
    <p class='ocr_par' dir='ltr' id='par_1_10' title="bbox 816 439 1364 617">
     <span class='ocr_line' id='line_1_34' title="bbox 816 439 1313 479; baseline 0.002 -9"><span class='ocrx_word' id='word_1_124' title='bbox 816 439 895 472; x_wconf 80' lang='grc'>284.</span> <span class='ocrx_word' id='word_1_125' title='bbox 915 439 1140 479; x_wconf 75' lang='lat' dir='ltr'>Voluptatibus</span> <span class='ocrx_word' id='word_1_126' title='bbox 1166 439 1313 473; x_wconf 87' lang='lat' dir='ltr'>omnibus</span> 
     </span>
     <span class='ocr_line' id='line_1_35' title="bbox 913 487 1364 520; baseline -0.002 -1"><span class='ocrx_word' id='word_1_127' title='bbox 913 487 1003 519; x_wconf 85' lang='lat' dir='ltr'>Haec</span> <span class='ocrx_word' id='word_1_128' title='bbox 1028 487 1141 520; x_wconf 86' lang='lat' dir='ltr'>videns</span> <span class='ocrx_word' id='word_1_129' title='bbox 1167 487 1364 520; x_wconf 83' lang='lat' dir='ltr'>renuntiavit</span> 
     </span>
     <span class='ocr_line' id='line_1_36' title="bbox 913 535 1348 577; baseline -0.002 -9"><span class='ocrx_word' id='word_1_130' title='bbox 913 536 1029 576; x_wconf 80' lang='lat' dir='ltr'>Atque,</span> <span class='ocrx_word' id='word_1_131' title='bbox 1054 535 1173 577; x_wconf 77' lang='lat' dir='ltr'>Maria,</span> <span class='ocrx_word' id='word_1_132' title='bbox 1199 535 1348 568; x_wconf 85' lang='lat' dir='ltr'>laudibus</span> 
     </span>
     <span class='ocr_line' id='line_1_37' title="bbox 912 583 1289 617; baseline 0.003 -1"><span class='ocrx_word' id='word_1_133' title='bbox 912 583 990 616; x_wconf 89' lang='lat' dir='ltr'>Tuis</span> <span class='ocrx_word' id='word_1_134' title='bbox 1017 587 1049 616; x_wconf 88' lang='lat' dir='ltr'>et</span> <span class='ocrx_word' id='word_1_135' title='bbox 1071 584 1146 617; x_wconf 88' lang='lat' dir='ltr'>Iesu</span> <span class='ocrx_word' id='word_1_136' title='bbox 1172 585 1289 617; x_wconf 86' lang='lat' dir='ltr'>vacuit.</span> 
     </span>
    </p>
   </div>
   <div class='ocr_carea' id='block_1_11' title="bbox 817 661 1407 847">
    <p class='ocr_par' dir='ltr' id='par_1_11' title="bbox 817 661 1407 847">
     <span class='ocr_line' id='line_1_38' title="bbox 817 661 1245 695; baseline 0.002 -2"><span class='ocrx_word' id='word_1_137' title='bbox 817 662 894 695; x_wconf 88' lang='lat'>285.</span> <span class='ocrx_word' id='word_1_138' title='bbox 913 661 1028 694; x_wconf 79' lang='lat' dir='ltr'>Vacuit</span> <span class='ocrx_word' id='word_1_139' title='bbox 1052 661 1245 694; x_wconf 88' lang='lat' dir='ltr'>monasterio</span> 
     </span>
     <span class='ocr_line' id='line_1_39' title="bbox 912 709 1289 752; baseline 0 -11"><span class='ocrx_word' id='word_1_140' title='bbox 912 709 1081 752; x_wconf 83' lang='lat' dir='ltr'>obsequiis</span> <span class='ocrx_word' id='word_1_141' title='bbox 1106 710 1154 742; x_wconf 84' lang='lat' dir='ltr'>ita</span> <span class='ocrx_word' id='word_1_142' title='bbox 1178 710 1289 751; x_wconf 81' lang='lat' dir='ltr'>gratis,</span> 
     </span>
     <span class='ocr_line' id='line_1_40' title="bbox 911 758 1366 799; baseline 0 -9"><span class='ocrx_word' id='word_1_143' title='bbox 911 758 1002 799; x_wconf 76' lang='lat' dir='ltr'>Quod</span> <span class='ocrx_word' id='word_1_144' title='bbox 1028 758 1175 799; x_wconf 85' lang='lat' dir='ltr'>sequenti</span> <span class='ocrx_word' id='word_1_145' title='bbox 1199 758 1366 791; x_wconf 85' lang='lat' dir='ltr'>sollemnio</span> 
     </span>
     <span class='ocr_line' id='line_1_41' title="bbox 910 806 1407 847; baseline -0.002 -9"><span class='ocrx_word' id='word_1_146' title='bbox 910 806 1054 847; x_wconf 82' lang='lat' dir='ltr'>Sumpsit</span> <span class='ocrx_word' id='word_1_147' title='bbox 1077 815 1098 839; x_wconf 79' lang='lat' dir='ltr'>a</span> <span class='ocrx_word' id='word_1_148' title='bbox 1123 809 1155 839; x_wconf 88' lang='lat' dir='ltr'>te</span> <span class='ocrx_word' id='word_1_149' title='bbox 1179 809 1291 846; x_wconf 83' lang='lat' dir='ltr'>potum</span> <span class='ocrx_word' id='word_1_150' title='bbox 1316 806 1407 838; x_wconf 75' lang='lat' dir='ltr'>satis.</span> 
     </span>
    </p>
   </div>
   <div class='ocr_carea' id='block_1_12' title="bbox 815 882 1403 1072">
    <p class='ocr_par' dir='ltr' id='par_1_12' title="bbox 815 882 1403 1072">
     <span class='ocr_line' id='line_1_42' title="bbox 815 882 1403 924; baseline -0.002 -8"><span class='ocrx_word' id='word_1_151' title='bbox 815 885 894 918; x_wconf 77' lang='lat'>286.</span> <span class='ocrx_word' id='word_1_152' title='bbox 910 883 996 918; x_wconf 83' lang='lat' dir='ltr'>Satis</span> <span class='ocrx_word' id='word_1_153' title='bbox 1020 893 1079 924; x_wconf 82' lang='lat' dir='ltr'>per</span> <span class='ocrx_word' id='word_1_154' title='bbox 1103 886 1137 916; x_wconf 83' lang='lat' dir='ltr'>te</span> <span class='ocrx_word' id='word_1_155' title='bbox 1160 886 1238 916; x_wconf 83' lang='lat' dir='ltr'>tunc</span> <span class='ocrx_word' id='word_1_156' title='bbox 1262 882 1403 916; x_wconf 81' lang='lat' dir='ltr'>refectus</span> 
     </span>
     <span class='ocr_line' id='line_1_43' title="bbox 910 932 1347 965; baseline -0.002 0"><span class='ocrx_word' id='word_1_157' title='bbox 910 934 994 965; x_wconf 83' lang='lat' dir='ltr'>Prae</span> <span class='ocrx_word' id='word_1_158' title='bbox 1020 933 1150 964; x_wconf 87' lang='lat' dir='ltr'>caelesti</span> <span class='ocrx_word' id='word_1_159' title='bbox 1177 932 1347 965; x_wconf 86' lang='lat' dir='ltr'>dulcedine</span> 
     </span>
     <span class='ocr_line' id='line_1_44' title="bbox 911 980 1364 1013; baseline 0 -1"><span class='ocrx_word' id='word_1_160' title='bbox 911 980 1046 1013; x_wconf 87' lang='lat' dir='ltr'>Sanctus</span> <span class='ocrx_word' id='word_1_161' title='bbox 1072 980 1135 1012; x_wconf 86' lang='lat' dir='ltr'>fuit</span> <span class='ocrx_word' id='word_1_162' title='bbox 1160 981 1208 1012; x_wconf 85' lang='lat' dir='ltr'>vir</span> <span class='ocrx_word' id='word_1_163' title='bbox 1234 980 1364 1013; x_wconf 83' lang='lat' dir='ltr'>effectus</span> 
     </span>
     <span class='ocr_line' id='line_1_45' title="bbox 909 1028 1298 1072; baseline 0.003 -12"><span class='ocrx_word' id='word_1_164' title='bbox 909 1029 988 1068; x_wconf 82' lang='lat' dir='ltr'>Tuo,</span> <span class='ocrx_word' id='word_1_165' title='bbox 1015 1028 1130 1072; x_wconf 80' lang='lat' dir='ltr'>Maria,</span> <span class='ocrx_word' id='word_1_166' title='bbox 1159 1028 1298 1061; x_wconf 88' lang='lat' dir='ltr'>numine.</span> 
     </span>
    </p>
   </div>
   <div class='ocr_carea' id='block_1_13' title="bbox 815 1106 1343 1294">
    <p class='ocr_par' dir='ltr' id='par_1_13' title="bbox 815 1106 1343 1294">
     <span class='ocr_line' id='line_1_46' title="bbox 815 1106 1313 1148; baseline -0.002 -8"><span class='ocrx_word' id='word_1_167' title='bbox 815 1108 894 1140; x_wconf 86' lang='grc'>287.</span> <span class='ocrx_word' id='word_1_168' title='bbox 912 1106 1051 1139; x_wconf 85' lang='lat' dir='ltr'>Numine</span> <span class='ocrx_word' id='word_1_169' title='bbox 1073 1108 1138 1138; x_wconf 83' lang='lat' dir='ltr'>tam</span> <span class='ocrx_word' id='word_1_170' title='bbox 1164 1106 1313 1148; x_wconf 85' lang='lat' dir='ltr'>gratuito,</span> 
     </span>
     <span class='ocr_line' id='line_1_47' title="bbox 910 1154 1316 1195; baseline -0.005 -8"><span class='ocrx_word' id='word_1_171' title='bbox 910 1155 990 1187; x_wconf 86' lang='lat' dir='ltr'>Tam</span> <span class='ocrx_word' id='word_1_172' title='bbox 1015 1154 1112 1195; x_wconf 78' lang='lat' dir='ltr'>pleno</span> <span class='ocrx_word' id='word_1_173' title='bbox 1136 1155 1316 1195; x_wconf 74' lang='lat' dir='ltr'>suavitatis,‚</span> 
     </span>
     <span class='ocr_line' id='line_1_48' title="bbox 909 1202 1300 1236; baseline 0 -1"><span class='ocrx_word' id='word_1_174' title='bbox 909 1202 1075 1235; x_wconf 83' lang='lat' dir='ltr'>Laudibus</span> <span class='ocrx_word' id='word_1_175' title='bbox 1099 1203 1162 1235; x_wconf 83' lang='lat' dir='ltr'>tuis</span> <span class='ocrx_word' id='word_1_176' title='bbox 1190 1202 1300 1236; x_wconf 89' lang='lat' dir='ltr'>dedito</span> 
     </span>
     <span class='ocr_line' id='line_1_49' title="bbox 910 1250 1343 1294; baseline 0 -10"><span class='ocrx_word' id='word_1_177' title='bbox 910 1250 1061 1294; x_wconf 83' lang='lat' dir='ltr'>Subveni‚</span> <span class='ocrx_word' id='word_1_178' title='bbox 1088 1250 1205 1293; x_wconf 87' lang='lat' dir='ltr'>Maria,</span> <span class='ocrx_word' id='word_1_179' title='bbox 1232 1251 1343 1292; x_wconf 83' lang='lat' dir='ltr'>gratis.</span> 
     </span>
    </p>
   </div>
   <div class='ocr_carea' id='block_1_14' title="bbox 816 1328 1396 1508">
    <p class='ocr_par' dir='ltr' id='par_1_14' title="bbox 816 1328 1396 1508">
     <span class='ocr_line' id='line_1_50' title="bbox 816 1328 1307 1364; baseline -0.006 0"><span class='ocrx_word' id='word_1_180' title='bbox 816 1330 896 1364; x_wconf 86' lang='lat'>288.</span> <span class='ocrx_word' id='word_1_181' title='bbox 913 1329 1023 1362; x_wconf 82' lang='lat' dir='ltr'>Gratis</span> <span class='ocrx_word' id='word_1_182' title='bbox 1050 1328 1307 1362; x_wconf 85' lang='lat' dir='ltr'>misen&#39;cordiam</span> 
     </span>
     <span class='ocr_line' id='line_1_51' title="bbox 914 1378 1396 1418; baseline 0 -9"><span class='ocrx_word' id='word_1_183' title='bbox 914 1378 1106 1416; x_wconf 86' lang='lat' dir='ltr'>Praetende,</span> <span class='ocrx_word' id='word_1_184' title='bbox 1133 1379 1247 1418; x_wconf 86' lang='lat' dir='ltr'>mater,</span> <span class='ocrx_word' id='word_1_185' title='bbox 1272 1378 1396 1418; x_wconf 90' lang='lat' dir='ltr'>petenti</span> 
     </span>
     <span class='ocr_line' id='line_1_52' title="bbox 914 1426 1328 1459; baseline 0 -1"><span class='ocrx_word' id='word_1_186' title='bbox 914 1426 960 1458; x_wconf 83' lang='lat' dir='ltr'>Et</span> <span class='ocrx_word' id='word_1_187' title='bbox 984 1428 1145 1458; x_wconf 81' lang='lat' dir='ltr'>rectorum</span> <span class='ocrx_word' id='word_1_188' title='bbox 1170 1426 1328 1459; x_wconf 80' lang='lat' dir='ltr'>iustitiam</span> 
     </span>
     <span class='ocr_line' id='line_1_53' title="bbox 911 1474 1333 1508; baseline -0.002 0"><span class='ocrx_word' id='word_1_189' title='bbox 911 1474 1124 1508; x_wconf 84' lang='lat' dir='ltr'>Iustissimam</span> <span class='ocrx_word' id='word_1_190' title='bbox 1151 1477 1183 1507; x_wconf 90' lang='lat' dir='ltr'>te</span> <span class='ocrx_word' id='word_1_191' title='bbox 1207 1474 1333 1508; x_wconf 83' lang='lat' dir='ltr'>scienti.</span> 
     </span>
    </p>
   </div>
   <div class='ocr_carea' id='block_1_15' title="bbox 817 1551 1421 1731">
    <p class='ocr_par' dir='ltr' id='par_1_15' title="bbox 817 1551 1421 1731">
     <span class='ocr_line' id='line_1_54' title="bbox 817 1551 1289 1593; baseline -0.006 -6"><span class='ocrx_word' id='word_1_192' title='bbox 817 1554 898 1587; x_wconf 79' lang='lat'>289.</span> <span class='ocrx_word' id='word_1_193' title='bbox 914 1551 1027 1585; x_wconf 78' lang='lat' dir='ltr'>Gloria</span> <span class='ocrx_word' id='word_1_194' title='bbox 1051 1552 1123 1593; x_wconf 88' lang='lat' dir='ltr'>tibi,</span> <span class='ocrx_word' id='word_1_195' title='bbox 1150 1551 1289 1593; x_wconf 85' lang='lat' dir='ltr'>domina,</span> 
     </span>
     <span class='ocr_line' id='line_1_55' title="bbox 914 1601 1393 1642; baseline 0.002 -9"><span class='ocrx_word' id='word_1_196' title='bbox 914 1601 1003 1641; x_wconf 78' lang='lat' dir='ltr'>Quae</span> <span class='ocrx_word' id='word_1_197' title='bbox 1026 1610 1087 1642; x_wconf 86' lang='lat' dir='ltr'>per</span> <span class='ocrx_word' id='word_1_198' title='bbox 1112 1601 1196 1633; x_wconf 86' lang='lat' dir='ltr'>viam</span> <span class='ocrx_word' id='word_1_199' title='bbox 1221 1602 1393 1641; x_wconf 88' lang='lat' dir='ltr'>impiorum</span> 
     </span>
     <span class='ocr_line' id='line_1_56' title="bbox 914 1650 1354 1694; baseline -0.005 -11"><span class='ocrx_word' id='word_1_200' title='bbox 914 1650 1048 1690; x_wconf 82' lang='lat' dir='ltr'>Spargis</span> <span class='ocrx_word' id='word_1_201' title='bbox 1073 1650 1197 1690; x_wconf 83' lang='lat' dir='ltr'>gratiae</span> <span class='ocrx_word' id='word_1_202' title='bbox 1221 1650 1354 1694; x_wconf 82' lang='lat' dir='ltr'>semina,</span> 
     </span>
     <span class='ocr_line' id='line_1_57' title="bbox 913 1697 1421 1731; baseline -0.002 0"><span class='ocrx_word' id='word_1_203' title='bbox 913 1698 961 1731; x_wconf 85' lang='lat' dir='ltr'>Ut</span> <span class='ocrx_word' id='word_1_204' title='bbox 983 1701 1121 1731; x_wconf 75' lang='lat' dir='ltr'>noscant</span> <span class='ocrx_word' id='word_1_205' title='bbox 1144 1697 1230 1730; x_wconf 85' lang='lat' dir='ltr'>viam</span> <span class='ocrx_word' id='word_1_206' title='bbox 1254 1698 1421 1730; x_wconf 83' lang='lat' dir='ltr'>iustorum.</span> 
     </span>
    </p>
   </div>
   <div class='ocr_carea' id='block_1_16' title="bbox 714 1787 872 1821">
    <p class='ocr_par' dir='ltr' id='par_1_16' title="bbox 714 1787 872 1821">
     <span class='ocr_line' id='line_1_58' title="bbox 714 1787 872 1821; baseline 0 0"><span class='ocrx_word' id='word_1_207' title='bbox 714 1787 812 1821; x_wconf 94' lang='lat' dir='ltr'>XXX</span> <span class='ocrx_word' id='word_1_208' title='bbox 817 1787 872 1821; x_wconf 89' lang='lat' dir='ltr'>VI.</span> 
     </span>
    </p>
   </div>
   <div class='ocr_carea' id='block_1_17' title="bbox 115 1855 694 2044">
    <p class='ocr_par' dir='ltr' id='par_1_17' title="bbox 115 1855 694 2044">
     <span class='ocr_line' id='line_1_59' title="bbox 115 1855 678 1900; baseline 0 -12"><span class='ocrx_word' id='word_1_209' title='bbox 115 1856 196 1891; x_wconf 88' lang='lat'>290.</span> <span class='ocrx_word' id='word_1_210' title='bbox 212 1855 288 1888; x_wconf 88' lang='lat' dir='ltr'>Noli</span> <span class='ocrx_word' id='word_1_211' title='bbox 313 1855 393 1900; x_wconf 85' lang='lat' dir='ltr'>pati,</span> <span class='ocrx_word' id='word_1_212' title='bbox 421 1855 510 1896; x_wconf 85' lang='lat' dir='ltr'>quod</span> <span class='ocrx_word' id='word_1_213' title='bbox 535 1855 678 1889; x_wconf 82' lang='lat' dir='ltr'>aemuler</span> 
     </span>
     <span class='ocr_line' id='line_1_60' title="bbox 212 1904 667 1948; baseline -0.004 -10"><span class='ocrx_word' id='word_1_214' title='bbox 212 1904 251 1938; x_wconf 85' lang='lat' dir='ltr'>In</span> <span class='ocrx_word' id='word_1_215' title='bbox 276 1904 381 1938; x_wconf 81' lang='lat' dir='ltr'>turbis</span> <span class='ocrx_word' id='word_1_216' title='bbox 405 1904 667 1948; x_wconf 79' lang='lat' dir='ltr'>malignantibus,</span> 
     </span>
     <span class='ocr_line' id='line_1_61' title="bbox 210 1951 694 1995; baseline -0.002 -9"><span class='ocrx_word' id='word_1_217' title='bbox 210 1953 330 1995; x_wconf 81' lang='lat' dir='ltr'>Maria,</span> <span class='ocrx_word' id='word_1_218' title='bbox 356 1963 416 1986; x_wconf 82' lang='lat' dir='ltr'>nec</span> <span class='ocrx_word' id='word_1_219' title='bbox 442 1953 528 1995; x_wconf 89' lang='lat' dir='ltr'>quod</span> <span class='ocrx_word' id='word_1_220' title='bbox 555 1951 694 1987; x_wconf 81' lang='lat' dir='ltr'>famuler</span> 
     </span>
     <span class='ocr_line' id='line_1_62' title="bbox 215 2002 571 2044; baseline -0.006 -8"><span class='ocrx_word' id='word_1_221' title='bbox 215 2002 310 2036; x_wconf 89' lang='lat' dir='ltr'>Orbis</span> <span class='ocrx_word' id='word_1_222' title='bbox 335 2002 571 2044; x_wconf 86' lang='lat' dir='ltr'>iniquitatibus.</span> 
     </span>
    </p>
   </div>
   <div class='ocr_carea' id='block_1_18' title="bbox 114 2080 579 2123">
    <p class='ocr_par' dir='ltr' id='par_1_18' title="bbox 114 2080 579 2123">
     <span class='ocr_line' id='line_1_63' title="bbox 114 2080 579 2123; baseline -0.002 -9"><span class='ocrx_word' id='word_1_223' title='bbox 114 2081 199 2115; x_wconf 88' lang='lat'>291.</span> <span class='ocrx_word' id='word_1_224' title='bbox 214 2080 444 2123; x_wconf 84' lang='lat' dir='ltr'>Iniquitatibus</span> <span class='ocrx_word' id='word_1_225' title='bbox 470 2082 579 2113; x_wconf 88' lang='lat' dir='ltr'>multis</span> 
     </span>
    </p>
   </div>
   <div class='ocr_carea' id='block_1_19' title="bbox 212 2129 755 2172">
    <p class='ocr_par' dir='ltr' id='par_1_19' title="bbox 212 2129 755 2172">
     <span class='ocr_line' id='line_1_64' title="bbox 212 2129 755 2172; baseline -0.004 -9"><span class='ocrx_word' id='word_1_226' title='bbox 212 2129 310 2163; x_wconf 84' lang='lat' dir='ltr'>Miles</span> <span class='ocrx_word' id='word_1_227' title='bbox 337 2129 468 2171; x_wconf 85' lang='lat' dir='ltr'>quidam</span> <span class='ocrx_word' id='word_1_228' title='bbox 484 2130 600 2172; x_wconf 85' lang='lat' dir='ltr'>plenus</span> <span class='ocrx_word' id='word_1_229' title='bbox 619 2129 755 2162; x_wconf 87' lang='lat' dir='ltr'>multum</span> 
     </span>
    </p>
   </div>
   <div class='ocr_carea' id='block_1_20' title="bbox 210 2179 658 2222">
    <p class='ocr_par' dir='ltr' id='par_1_20' title="bbox 210 2179 658 2222">
     <span class='ocr_line' id='line_1_65' title="bbox 210 2179 658 2222; baseline -0.002 -10"><span class='ocrx_word' id='word_1_230' title='bbox 210 2180 249 2212; x_wconf 89' lang='lat' dir='ltr'>In</span> <span class='ocrx_word' id='word_1_231' title='bbox 274 2179 420 2212; x_wconf 87' lang='lat' dir='ltr'>homines</span> <span class='ocrx_word' id='word_1_232' title='bbox 444 2181 559 2220; x_wconf 84' lang='lat' dir='ltr'>raptor</span> <span class='ocrx_word' id='word_1_233' title='bbox 582 2179 658 2222; x_wconf 83' lang='lat' dir='ltr'>ruit,</span> 
     </span>
    </p>
   </div>
   <div class='ocr_carea' id='block_1_21' title="bbox 210 2226 752 2261">
    <p class='ocr_par' dir='ltr' id='par_1_21' title="bbox 210 2226 752 2261">
     <span class='ocr_line' id='line_1_66' title="bbox 210 2226 752 2261; baseline -0.006 0"><span class='ocrx_word' id='word_1_234' title='bbox 210 2226 285 2261; x_wconf 87' lang='lat' dir='ltr'>Non</span> <span class='ocrx_word' id='word_1_235' title='bbox 312 2227 454 2261; x_wconf 87' lang='lat' dir='ltr'>divinum</span> <span class='ocrx_word' id='word_1_236' title='bbox 482 2237 597 2261; x_wconf 81' lang='lat' dir='ltr'>curans</span> <span class='ocrx_word' id='word_1_237' title='bbox 622 2227 752 2260; x_wconf 89' lang='lat' dir='ltr'>cultum.</span> 
     </span>
    </p>
   </div>
   <div class='ocr_carea' id='block_1_22' title="bbox 114 2305 733 2542">
    <p class='ocr_par' dir='ltr' id='par_1_22' title="bbox 114 2305 733 2542">
     <span class='ocr_line' id='line_1_67' title="bbox 114 2305 687 2341; baseline -0.005 0"><span class='ocrx_word' id='word_1_238' title='bbox 114 2307 196 2341; x_wconf 82' lang='grc'><strong>292.</strong></span> <span class='ocrx_word' id='word_1_239' title='bbox 213 2305 342 2340; x_wconf 76' lang='lat' dir='ltr'>Cultum</span> <span class='ocrx_word' id='word_1_240' title='bbox 368 2306 472 2339; x_wconf 83' lang='lat' dir='ltr'>solum</span> <span class='ocrx_word' id='word_1_241' title='bbox 492 2306 522 2339; x_wconf 90' lang='lat' dir='ltr'>is</span> <span class='ocrx_word' id='word_1_242' title='bbox 546 2305 687 2339; x_wconf 84' lang='lat' dir='ltr'>nominis</span> 
     </span>
     <span class='ocr_line' id='line_1_68' title="bbox 210 2354 595 2399; baseline -0.005 -11"><span class='ocrx_word' id='word_1_243' title='bbox 210 2354 282 2398; x_wconf 83' lang='lat' dir='ltr'>Tui,</span> <span class='ocrx_word' id='word_1_244' title='bbox 309 2355 426 2399; x_wconf 82' lang='lat' dir='ltr'>Maria,</span> <span class='ocrx_word' id='word_1_245' title='bbox 452 2354 595 2397; x_wconf 80' lang='lat' dir='ltr'>gerebat,</span> 
     </span>
     <span class='ocr_line' id='line_1_69' title="bbox 212 2402 733 2438; baseline 0 -1"><span class='ocrx_word' id='word_1_246' title='bbox 212 2403 271 2438; x_wconf 82' lang='lat' dir='ltr'>Oui</span> <span class='ocrx_word' id='word_1_247' title='bbox 296 2402 433 2436; x_wconf 85' lang='lat' dir='ltr'>formam</span> <span class='ocrx_word' id='word_1_248' title='bbox 460 2403 568 2437; x_wconf 85' lang='lat' dir='ltr'>ferens</span> <span class='ocrx_word' id='word_1_249' title='bbox 594 2403 733 2437; x_wconf 87' lang='lat' dir='ltr'>hominis</span> 
     </span>
     <span class='ocr_line' id='line_1_70' title="bbox 208 2452 667 2488; baseline -0.002 0"><span class='ocrx_word' id='word_1_250' title='bbox 208 2454 356 2488; x_wconf 85' lang='lat' dir='ltr'>Daemon</span> <span class='ocrx_word' id='word_1_251' title='bbox 383 2452 469 2486; x_wconf 84' lang='lat' dir='ltr'>domi</span> <span class='ocrx_word' id='word_1_252' title='bbox 495 2452 667 2487; x_wconf 85' lang='lat' dir='ltr'>serviebat.</span> 
     </span>
     <span class='ocr_line' id='line_1_71' title="bbox 169 2512 696 2542; baseline -0.004 -3"><span class='ocrx_word' id='word_1_253' title='bbox 169 2516 303 2542; x_wconf 60' lang='lat' dir='ltr'>Breve-1⁴³,</span> <span class='ocrx_word' id='word_1_254' title='bbox 325 2513 452 2537; x_wconf 67' lang='lat' dir='ltr'>Psaltoxia</span> <span class='ocrx_word' id='word_1_255' title='bbox 467 2512 625 2541; x_wconf 69' lang='lat' dir='ltr'>Rhythmxea.</span> <span class='ocrx_word' id='word_1_256' title='bbox 660 2513 696 2537; x_wconf 84' lang='lat'>11.</span> 
     </span>
    </p>
   </div>
   <div class='ocr_carea' id='block_1_23' title="bbox 816 1852 1367 2040">
    <p class='ocr_par' dir='ltr' id='par_1_23' title="bbox 816 1852 1367 2040">
     <span class='ocr_line' id='line_1_72' title="bbox 816 1852 1342 1896; baseline -0.008 -7"><span class='ocrx_word' id='word_1_257' title='bbox 816 1856 897 1890; x_wconf 85' lang='lat'>293.</span> <span class='ocrx_word' id='word_1_258' title='bbox 912 1854 1083 1887; x_wconf 81' lang='lat' dir='ltr'>serviebat</span> <span class='ocrx_word' id='word_1_259' title='bbox 1108 1853 1244 1886; x_wconf 87' lang='lat' dir='ltr'>daemon</span> <span class='ocrx_word' id='word_1_260' title='bbox 1270 1852 1342 1896; x_wconf 87' lang='lat' dir='ltr'>sibi,</span> 
     </span>
     <span class='ocr_line' id='line_1_73' title="bbox 910 1902 1367 1943; baseline -0.007 -7"><span class='ocrx_word' id='word_1_261' title='bbox 910 1903 958 1937; x_wconf 89' lang='lat' dir='ltr'>Ut</span> <span class='ocrx_word' id='word_1_262' title='bbox 981 1902 1079 1935; x_wconf 81' lang='lat' dir='ltr'>morti</span> <span class='ocrx_word' id='word_1_263' title='bbox 1105 1902 1199 1935; x_wconf 80' lang='lat' dir='ltr'>daret</span> <span class='ocrx_word' id='word_1_264' title='bbox 1222 1902 1367 1943; x_wconf 84' lang='lat' dir='ltr'>impium,</span> 
     </span>
     <span class='ocr_line' id='line_1_74' title="bbox 911 1950 1306 1993; baseline -0.005 -8"><span class='ocrx_word' id='word_1_265' title='bbox 911 1952 980 1992; x_wconf 80' lang='lat' dir='ltr'>Qua</span> <span class='ocrx_word' id='word_1_266' title='bbox 1007 1952 1069 1993; x_wconf 72' lang='lat' dir='ltr'>die,</span> <span class='ocrx_word' id='word_1_267' title='bbox 1096 1951 1214 1992; x_wconf 83' lang='lat' dir='ltr'>Maria,</span> <span class='ocrx_word' id='word_1_268' title='bbox 1246 1950 1306 1983; x_wconf 81' lang='lat' dir='ltr'>tibi</span> 
     </span>
     <span class='ocr_line' id='line_1_75' title="bbox 910 1999 1354 2040; baseline -0.005 -7"><span class='ocrx_word' id='word_1_269' title='bbox 910 2000 983 2034; x_wconf 87' lang='lat' dir='ltr'>Non</span> <span class='ocrx_word' id='word_1_270' title='bbox 1010 1999 1133 2034; x_wconf 83' lang='lat' dir='ltr'>faceret</span> <span class='ocrx_word' id='word_1_271' title='bbox 1157 1999 1354 2040; x_wconf 88' lang='lat' dir='ltr'>obsequium.</span> 
     </span>
    </p>
   </div>
   <div class='ocr_carea' id='block_1_24' title="bbox 815 2078 1400 2260">
    <p class='ocr_par' dir='ltr' id='par_1_24' title="bbox 815 2078 1400 2260">
     <span class='ocr_line' id='line_1_76' title="bbox 815 2078 1323 2120; baseline -0.008 -7"><span class='ocrx_word' id='word_1_272' title='bbox 815 2080 895 2113; x_wconf 86' lang='lat'>294.</span> <span class='ocrx_word' id='word_1_273' title='bbox 910 2078 1105 2120; x_wconf 87' lang='lat' dir='ltr'>Obsequium</span> <span class='ocrx_word' id='word_1_274' title='bbox 1132 2087 1207 2111; x_wconf 88' lang='lat' dir='ltr'>vero</span> <span class='ocrx_word' id='word_1_275' title='bbox 1234 2081 1323 2110; x_wconf 91' lang='lat' dir='ltr'>tuum</span> 
     </span>
     <span class='ocr_line' id='line_1_77' title="bbox 911 2126 1374 2168; baseline -0.004 -7"><span class='ocrx_word' id='word_1_276' title='bbox 911 2128 985 2161; x_wconf 88' lang='lat' dir='ltr'>Non</span> <span class='ocrx_word' id='word_1_277' title='bbox 1011 2128 1209 2168; x_wconf 82' lang='lat' dir='ltr'>linquentem</span> <span class='ocrx_word' id='word_1_278' title='bbox 1235 2126 1374 2160; x_wconf 81' lang='lat' dir='ltr'>visitasti</span> 
     </span>
     <span class='ocr_line' id='line_1_78' title="bbox 909 2176 1364 2217; baseline -0.004 -8"><span class='ocrx_word' id='word_1_279' title='bbox 909 2177 960 2209; x_wconf 87' lang='lat' dir='ltr'>Ao</span> <span class='ocrx_word' id='word_1_280' title='bbox 984 2186 1045 2217; x_wconf 82' lang='lat' dir='ltr'>per</span> <span class='ocrx_word' id='word_1_281' title='bbox 1070 2176 1242 2217; x_wconf 79' lang='lat' dir='ltr'>spoliatum</span> <span class='ocrx_word' id='word_1_282' title='bbox 1271 2184 1364 2208; x_wconf 87' lang='lat' dir='ltr'>suum</span> 
     </span>
     <span class='ocr_line' id='line_1_79' title="bbox 909 2224 1400 2260; baseline 0.002 -2"><span class='ocrx_word' id='word_1_283' title='bbox 909 2225 996 2258; x_wconf 91' lang='lat' dir='ltr'>Huic</span> <span class='ocrx_word' id='word_1_284' title='bbox 1023 2226 1211 2258; x_wconf 88' lang='lat' dir='ltr'>daemonem</span> <span class='ocrx_word' id='word_1_285' title='bbox 1236 2224 1400 2260; x_wconf 83' lang='lat' dir='ltr'>revelasti.</span> 
     </span>
    </p>
   </div>
   <div class='ocr_carea' id='block_1_25' title="bbox 814 2302 1402 2493">
    <p class='ocr_par' dir='ltr' id='par_1_25' title="bbox 814 2302 1402 2493">
     <span class='ocr_line' id='line_1_80' title="bbox 814 2302 1329 2340; baseline -0.008 -2"><span class='ocrx_word' id='word_1_286' title='bbox 814 2305 896 2340; x_wconf 81' lang='lat'>295.</span> <span class='ocrx_word' id='word_1_287' title='bbox 910 2303 1077 2338; x_wconf 81' lang='lat' dir='ltr'>Revelasti</span> <span class='ocrx_word' id='word_1_288' title='bbox 1101 2303 1150 2336; x_wconf 84' lang='lat' dir='ltr'>sic</span> <span class='ocrx_word' id='word_1_289' title='bbox 1175 2302 1329 2335; x_wconf 82' lang='lat' dir='ltr'>virtutem</span> 
     </span>
     <span class='ocr_line' id='line_1_81' title="bbox 910 2351 1381 2395; baseline -0.004 -8"><span class='ocrx_word' id='word_1_290' title='bbox 910 2353 1006 2394; x_wconf 87' lang='lat' dir='ltr'>Huic,</span> <span class='ocrx_word' id='word_1_291' title='bbox 1032 2352 1133 2393; x_wconf 83' lang='lat' dir='ltr'>virgo,</span> <span class='ocrx_word' id='word_1_292' title='bbox 1161 2351 1208 2384; x_wconf 92' lang='lat' dir='ltr'>tui</span> <span class='ocrx_word' id='word_1_293' title='bbox 1233 2352 1381 2395; x_wconf 86' lang='lat' dir='ltr'>nominis,</span> 
     </span>
     <span class='ocr_line' id='line_1_82' title="bbox 910 2401 1402 2444; baseline 0 -9"><span class='ocrx_word' id='word_1_294' title='bbox 910 2402 1002 2444; x_wconf 81' lang='lat' dir='ltr'>Quod</span> <span class='ocrx_word' id='word_1_295' title='bbox 1027 2401 1165 2443; x_wconf 85' lang='lat' dir='ltr'>adeptus</span> <span class='ocrx_word' id='word_1_296' title='bbox 1191 2404 1241 2434; x_wconf 89' lang='lat' dir='ltr'>est</span> <span class='ocrx_word' id='word_1_297' title='bbox 1265 2402 1402 2435; x_wconf 85' lang='lat' dir='ltr'>salutem</span> 
     </span>
     <span class='ocr_line' id='line_1_83' title="bbox 911 2450 1351 2493; baseline 0 -8"><span class='ocrx_word' id='word_1_298' title='bbox 911 2450 1024 2486; x_wconf 88' lang='lat' dir='ltr'>Divini</span> <span class='ocrx_word' id='word_1_299' title='bbox 1048 2459 1109 2493; x_wconf 88' lang='lat' dir='ltr'>per</span> <span class='ocrx_word' id='word_1_300' title='bbox 1133 2452 1166 2483; x_wconf 88' lang='lat' dir='ltr'>te</span> <span class='ocrx_word' id='word_1_301' title='bbox 1193 2450 1351 2485; x_wconf 82' lang='lat' dir='ltr'>culminis,</span> 
     </span>
    </p>
   </div>
   <div class='ocr_carea' id='block_1_26' title="bbox 1239 2506 1274 2538">
    <p class='ocr_par' dir='ltr' id='par_1_26' title="bbox 1239 2506 1274 2538">
     <span class='ocr_line' id='line_1_84' title="bbox 1239 2506 1274 2538; baseline -0.029 0"><span class='ocrx_word' id='word_1_302' title='bbox 1239 2506 1274 2538; x_wconf 77' lang='lat'>10</span> 
     </span>
    </p>
   </div>
  </div>
 </body>
</html>
