1655 2726
771 110 1009 146 -82-

772 210 1016 244 Conclusio.

444 277 536 310 Haec
559 277 629 319 tibi,
657 278 745 318 virgo
771 278 834 317 pia,
862 277 927 309 sint
951 276 1094 309 carmina
1118 278 1219 318 grata,
1245 275 1359 318 Maria,

443 325 491 358 Ut
514 326 558 357 sis
582 325 655 365 ipsa
680 325 732 357 via
755 325 881 357 miseriS
906 325 948 358 ad
975 325 1114 357 eulmina
1137 325 1200 365 dia,

444 373 516 407 Sint
541 374 743 414 componenti
768 374 880 406 veniae
903 373 992 405 locus
1018 375 1114 414 atque
1137 374 1268 413 legenti,

445 421 514 454 Sint
540 420 659 454 fluidae
683 422 782 455 menti
806 431 880 462 spes
905 422 1110 461 solamenque
1133 421 1298 464 maerenti,

443 470 531 510 Quae
554 472 649 510 pater
674 474 707 502 et
730 468 845 502 flamen
872 478 942 501 cum
966 472 1042 502 nato
1068 468 1223 502 conferat.
1274 470 1389 501 Amen.

310 535 381 564 Cod.
401 536 617 564 Helmstadien.
637 534 703 565 673.
724 544 800 564 saec.
823 534 869 564 15.
887 551 925 556 —-

309 581 332 612 I.
366 583 390 618 1,
410 582 431 611 4
448 584 531 612 hora.
553 599 590 604 -—
613 582 656 618 10,
678 583 695 612 5
719 586 805 612 sorte.
825 598 865 603 —·
887 582 930 618 11,
953 582 971 611 2
989 585 1074 612 fuisti
1093 584 1310 613 verschrieben.
1331 599 1369 602 —
1392 580 1434 615 11,
1456 580 1473 609 5
1493 589 1551 617 que

232 622 314 651 fehlt.
342 638 378 642 —
406 620 449 657 14,
472 621 489 650 6
514 623 662 651 senaculo.
688 636 727 642 —-
756 621 799 656 16,
821 621 838 650 5
863 622 917 650 has
944 623 1047 650 fenire.
1071 638 1109 642 —
1137 621 1182 658 17,
1203 620 1220 650 5
1246 632 1307 650 non
1336 624 1368 649 ut
1387 623 1490 649 tecum.
1511 635 1551 639 -

236 658 279 696 18,
301 659 318 688 6
338 661 407 689 Lati
427 670 488 697 per.
508 676 548 680 —
567 658 613 695 23,
634 660 651 689 5
672 661 732 690 Hic
751 663 842 696 parte.
866 676 897 680 —
921 658 967 696 34,
989 660 1006 689 5
1026 661 1106 689 vito.

308 705 346 737 Il.
378 707 423 743 10,
451 706 469 735 5
497 707 629 736 Constra.
656 724 695 729 --
722 706 765 741 17,
787 706 805 736 3
829 709 916 736 Parte
939 708 1043 737 hostis.
1069 725 1106 729 --
1132 706 1177 742 28,
1206 706 1224 735 2
1251 707 1336 742 Quod
1361 708 1485 743 polluta.
1511 721 1551 725 —

233 745 278 780 29,
294 745 311 774 5
331 747 372 774 Et
390 755 443 784 per
464 755 536 782 quos
556 749 713 783 reperavit.
728 761 763 765 —
780 745 824 782 29,
841 745 857 774 6
877 747 969 775 docet.
988 761 1028 767 ——
1047 744 1094 781 33,
1109 745 1127 774 2
1141 748 1217 775 istis.
1240 762 1277 766 -
1297 745 1343 780 36,
1359 744 1376 773 5
1390 746 1496 773 salvat.
1510 760 1549 764 —

233 784 278 819 37,
300 782 319 812 3
339 786 448 814 sedere.
470 801 507 805 —
526 784 574 819 40,
595 784 612 812 5
633 786 759 814 leonum.
779 801 817 805 —
836 783 883 818 41,
907 784 921 813 1
944 787 1001 814 Dei
1020 786 1102 813 fehlt.
1122 801 1160 805 —
1176 784 1222 821 50,
1244 784 1262 814 5
1282 793 1366 813 sacro
1390 786 1456 813 Dei.

309 830 362 862 III.
395 832 420 867 1,
441 831 458 860 6
477 833 558 861 facte.
576 834 793 862 versohriehen.
812 848 850 853 —-
871 831 898 869 2,
916 832 937 861 4
955 836 1138 862 conservavi.
1159 848 1194 853 —
1219 832 1263 868 11,
1278 832 1296 861 5
1316 841 1498 869 superemus.
1510 846 1548 851 -

236 870 279 907 15,
293 870 314 899 4
334 871 467 900 consede.
487 887 517 891 —
548 869 591 907 16,
605 870 625 899 4
645 872 711 906 Qua
729 881 784 900 nos
803 874 875 909 ipse.
895 887 933 891 —
953 871 999 907 20,
1014 871 1031 900 5
1052 873 1114 900 Nos
1127 872 1208 901 fehlt.
1229 887 1261 892 —-
1287 868 1334 905 33,
1349 872 1366 899 3
1380 869 1497 900 Thoris.
1511 886 1549 890 —

232 909 278 945 45,
299 908 317 938 3
337 910 466 939 Laudas.
486 926 526 930 —
543 908 590 945 48,
612 909 629 938 5
651 911 791 947 thymnis.
