1655 2726
758 122 1020 157 ——164—

229 223 308 256 633.
325 222 437 255 Gloria
461 229 541 260 mea,
567 219 684 262 Maria,
920 221 999 253 634.
1014 219 1175 251 Fidelium
1201 217 1363 256 viaticum⁷

321 270 367 302 Et
391 268 505 300 mentis
531 266 746 309 refrigerium,
1017 266 1149 298 Scilicet
1174 264 1382 305 eucharistia,

321 318 391 350 Fac
415 324 466 348 me
491 315 572 347 mori
596 317 700 346 morte
721 315 786 355 pia,
1014 314 1068 346 Ad
1094 312 1245 354 gaudium
1271 321 1322 343 me
1348 311 1503 343 caelicum

323 365 433 397 Morte
460 372 534 395 vera
558 361 712 395 fidelium.
1015 363 1079 394 Per
1103 364 1137 393 te
1164 360 1260 392 ducat
1288 369 1359 392 cum
1385 359 1499 399 gloria.

571 449 650 481 635.
667 448 778 480 Gloria
804 447 874 487 tibi,
901 447 1019 487 Maria,

669 496 732 528 Per
757 504 853 536 quam
877 496 987 535 piatur
1011 495 1140 534 impius,

670 543 765 576 Cuius
792 543 864 584 ipse
887 543 985 575 laude
1009 543 1065 582 pia

667 591 817 624 Maneam
844 591 1017 623 solitarius.

842 687 942 721 LXV.

229 758 311 791 636.
326 757 465 789 iubilate
489 756 575 788 dulci
601 758 676 787 nato
921 757 1000 789 639.
1017 754 1208 796 Respiciunt
1233 763 1325 795 spem
1347 754 1505 796 insignem

323 805 464 845 Virginis
489 804 602 835 matris
626 804 764 846 Mariae,
1016 805 1064 837 Te
1090 803 1190 836 corda
1214 803 1417 845 patientium,

319 853 399 885 Eius
424 861 556 884 munere
581 852 675 884 beato
1015 853 1103 892 Quae
1128 855 1333 884 transeuntes
1354 860 1414 892 per
1437 852 1544 892 ignem

321 901 506 941 Indigentes
533 903 601 933 tota
626 901 688 935 die.
1014 900 1115 933 Ducis
1140 900 1174 932 in
1200 898 1416 941 refrigerium.

226 988 384 1022 637.Die
409 988 553 1029 qualibet
578 997 616 1020 ac
640 991 735 1020 nocte
921 989 1001 1023 640.
1016 987 1233 1029 Refrigerium
1259 988 1357 1020 etiam

322 1037 368 1069 Te
393 1039 560 1078 quaerunt,
586 1036 688 1077 virgo,
715 1035 837 1077 populi,
1016 1037 1115 1077 Tuae,
1142 1036 1244 1077 virgo,
1273 1036 1453 1068 dulcedinis

323 1085 406 1117 Nam
433 1088 554 1117 mentes
581 1084 685 1125 plebis
710 1084 861 1116 indoctae
1015 1086 1161 1125 Pressus,
1187 1093 1301 1124 passus
1325 1085 1499 1127 inveniam,

322 1133 493 1166 Intuentur
518 1133 560 1164 tis
586 1133 681 1166 oculi.
1015 1134 1133 1166 Plenus
1159 1133 1396 1167 amaritudinis

227 1219 305 1252 638.
323 1220 417 1252 Oculi
443 1228 567 1260 quoque
593 1222 788 1262 cunctorum,
922 1220 1000 1252 641.
1015 1219 1252 1252 Amaritudinis
1277 1220 1391 1261 plenus

324 1268 383 1307 Qui
408 1276 541 1309 regnum
568 1267 628 1299 Dei
654 1268 794 1308 cupiunt,
1016 1268 1147 1300 Invenit
1171 1270 1204 1299 te
1230 1268 1355 1300 dulcem
1381 1279 1467 1312 reus,

323 1316 372 1349 Ut
395 1315 577 1348 miserearis
601 1316 727 1356 horum,
1016 1316 1135 1357 Maria,
1161 1316 1214 1348 cui
1239 1320 1389 1349 cunctum
1414 1327 1513 1359 genus

324 1364 364 1396 In
389 1367 431 1405 te,
456 1365 568 1402 mater,
594 1364 781 1403 respiciunt.
1020 1363 1204 1397 Gratiarum
1232 1365 1324 1397 dedit
1347 1366 1448 1399 Deus.

831 1459 945 1494 LXVI.

229 1528 307 1560 642.
325 1527 413 1559 Deus
439 1526 690 1568 misericordiae,
922 1530 1001 1562 644.
1017 1529 1116 1562 Horis
1143 1531 1266 1562 cunctis
1292 1534 1325 1563 et
1348 1532 1519 1565 momentis

322 1575 410 1607 Deus
435 1574 680 1614 benedictionis,
1016 1578 1078 1610 Per
1104 1583 1137 1610 te
1158 1579 1288 1611 timeam
1314 1580 1498 1622 Dominum,

323 1622 375 1655 Da
399 1623 477 1655 mihi
503 1623 609 1654 lumen
634 1624 759 1664 gratiae
1015 1627 1063 1660 Ut
1088 1627 1279 1659 claudantur
1303 1637 1360 1661 ora
1384 1631 1501 1663 mentis

322 1671 365 1703 Vi
388 1671 501 1704 matris
528 1672 694 1706 orationis.
1015 1674 1190 1708 Latoribus
1216 1678 1449 1716 peccaminum.

233 1759 311 1791 643.
328 1757 488 1791 Orationis
513 1758 637 1798 puritas
920 1761 999 1794 645.
1015 1762 1240 1795 Peccaminum
1265 1773 1340 1796 mox
1365 1767 1508 1799 maculas

325 1806 386 1837 Tui
410 1805 586 1839 redolentis
612 1807 677 1838 oris
1016 1810 1126 1843 Oratio
1152 1813 1208 1843 tua
1233 1816 1360 1854 purgat,

323 1854 425 1896 Meas,
452 1853 568 1897 Maria,
596 1855 725 1887 semitas
1015 1858 1099 1890 Nam
1124 1859 1300 1900 puritatem
1325 1862 1460 1903 baiulas,

322 1902 487 1935 Illuminet
512 1903 634 1934 cunctis
660 1903 757 1936 horis.
1015 1907 1103 1948 Quae
1127 1917 1268 1949 purgare
1292 1920 1351 1943 nos
1377 1916 1538 1954 exsurgat.

824 1991 961 2027 LXVII.

229 2057 308 2090 646.
327 2057 491 2098 Exsurgat
516 2057 618 2088 virtus
642 2058 791 2090 miranda
919 2061 998 2094 648.
1015 2062 1165 2095 Meruisti
1189 2066 1422 2099 transcendere

323 2106 419 2143 Tuae,
447 2105 546 2145 virg0,
574 2106 762 2145 sanctitatis,
1015 2110 1208 2144 Cunctorum
1222 2114 1347 2147 culmen
1357 2120 1555 2160 sanctorum,

323 2155 409 2194 Quae
434 2153 570 2193 dissipet
594 2162 670 2186 mox
694 2153 834 2187 nefanda
1012 2158 1120 2200 Digna
1146 2160 1280 2202 dignans
1306 2173 1364 2196 nos
1389 2166 1506 2206 visere,

321 2202 549 2235 Blandimenta
573 2202 757 2242 voluptatis.
1012 2207 1103 2241 Bona
1127 2212 1232 2242 mater
1257 2213 1488 2252 orphanorum.

227 2289 306 2322 647.
322 2287 509 2330 Voluptatis
534 2292 571 2321 tu
598 2290 735 2322 carnalis
922 2293 1001 2327 649.
1018 2295 1244 2336 Orphanorum
1271 2308 1380 2333 miram
1407 2302 1516 2343 habes,

321 2338 450 2379 Expers
474 2338 602 2371 omnino
628 2337 728 2381 sm'sti,
1016 2343 1062 2376 Ut
1087 2355 1213 2378 rursum
1240 2353 1367 2388 patrem
1391 2351 1546 2391 habeant,

325 2386 437 2419 Proles
462 2389 567 2419 tamen
593 2386 783 2419 immortalis
1017 2392 1228 2428 Peccatorum
1255 2398 1350 2437 pians
1376 2399 1478 2439 labes,

327 2435 435 2468 Mater
460 2436 523 2468 coli
546 2436 702 2469 meruisti.
1016 2440 1064 2474 Ut
1087 2442 1163 2475 iusti
1191 2444 1257 2476 sint
1282 2449 1315 2477 et
1338 2448 1513 2488 gaudeant.
