1655 2726
651 100 889 135 ,39-

117 198 174 232 28.
201 198 284 237 Ave,
310 199 425 239 mater,

251 249 284 278 et
306 254 358 278 me
383 245 417 277 in
443 246 569 279 actibus

201 295 321 328 Planta
345 292 450 335 bonis,

252 343 293 375 de
317 351 452 383 quorum
477 340 637 375 fructibus

202 391 334 424 Manum
363 390 441 432 eius,

252 439 307 480 qui
330 439 435 479 metit,
459 438 623 480 impleam,

205 487 340 528 Quando
365 486 477 519 mundi

251 535 406 579 purgabit
429 544 548 569 aream.

124 617 180 649 29.
207 616 288 655 Ave,
314 614 418 647 sancti

255 672 312 695 vas
337 663 491 695 mundum
517 661 663 704 spiritus,

206 713 257 745 De
283 709 454 752 profundis

257 759 374 793 exaudi
399 759 545 801 gemitus,

209 809 303 842 Assis
328 808 407 841 mihi

256 856 444 899 propitiatio

207 906 307 947 Apud
333 906 435 938 Deum

257 956 354 995 atque
378 953 570 994 redemptio.

124 1034 181 1067 30.
209 1034 290 1074 Ave,
315 1032 455 1073 simplex

259 1081 358 1114 corde
383 1083 415 1112 et
439 1080 551 1122 oculis,

210 1130 298 1170 Quae
322 1130 358 1162 in
382 1132 495 1169 partus

256 1178 305 1211 tui
330 1177 495 1210 miraculis

211 1227 269 1260 Nil
293 1226 425 1259 sensisti

257 1276 321 1308 nisi
346 1275 522 1316 humiliter,

211 1326 301 1366 Quae
326 1327 482 1365 provecta

261 1381 333 1405 eras
360 1372 550 1405 sublimiter.

126 1452 182 1486 31.
209 1452 290 1492 Ave,
317 1452 406 1484 cuius

262 1500 354 1533 dedit
377 1498 546 1540 virginitas

211 1548 378 1588 Fructum,
407 1548 448 1580 de
473 1556 535 1587 quo

259 1597 380 1630 iuravit
404 1595 535 1639 veritas,

215 1646 261 1679 Ut
282 1645 315 1677 in
342 1645 420 1678 sede

260 1693 370 1727 David
396 1693 482 1726 hunc
507 1694 653 1735 poneret,

213 1743 250 1775 In
277 1743 398 1775 virtute

259 1792 314 1833 qui
339 1793 450 1833 gentes
475 1791 613 1831 regeret.

125 1872 180 1905 32.
207 1870 289 1912 Ave,
314 1867 454 1901 fundens

259 1917 415 1959 unguenti
440 1917 603 1959 gaudium,

210 1968 302 2008 Quod
326 1968 360 1999 in
385 1966 521 1999 barbam

258 2018 291 2049 et
314 2025 404 2049 oram
428 2014 565 2048 vestium

208 2065 349 2098 Deitatis

256 2114 354 2148 fluxit
378 2114 420 2146 de
445 2113 561 2157 capite,

209 2164 256 2198 Ut
281 2173 339 2196 nos
364 2171 422 2195 suo

257 2214 388 2246 sanaret
412 2209 536 2244 fomite.

124 2294 181 2326 33.
204 2291 286 2331 Ave,
313 2292 470 2329 sanctum,

258 2340 300 2373 ad
327 2339 412 2381 quod
439 2337 623 2371 extollimus

207 2389 325 2423 Manus
350 2390 490 2430 nostras,

257 2437 344 2480 quod
369 2435 602 2475 benedicimus,

817 421 874 453 34.

821 837 878 870 35.

825 1254 880 1288 36.

826 1671 882 1705 37.

825 2092 880 2126 38.

900 197 1062 238 Singulari

946 255 1021 278 nam
1044 245 1105 278 tibi
1130 247 1235 286 gratia

900 294 1084 335 Benedixit,

948 343 1001 383 qui
1027 341 1106 375 fecit
1130 342 1246 375 omnia.

901 420 982 463 Ave,
1010 428 1091 460 quae
1117 420 1183 452 stas

950 468 981 500 in
1010 468 1104 500 domo
1128 466 1271 511 Domini,

903 516 1000 549 Cuius
1024 516 1131 557 psallo

956 564 1071 597 devote
1095 563 1225 602 nomini,

903 613 987 645 Nam
1012 615 1045 645 te
1070 612 1133 644 sibi

952 661 1048 702 elegit
1071 660 1239 704 Dominus,

903 711 951 744 Ut
971 710 1142 742 humanum

955 758 1079 791 deleret
1102 756 1238 791 facinuS.

905 838 986 879 Ave,
1013 835 1102 868 cuius

952 884 1112 924 processit
1136 883 1266 927 abditis,

905 933 968 973 Qui
991 933 1176 973 Aegyptum

955 990 1025 1013 cum
1050 979 1272 1021 primogenitis

905 1031 944 1063 In
970 1029 1098 1061 excelso

954 1077 1116 1118 percussit
1139 1075 1282 1118 brachio,

905 1127 984 1159 illos
1010 1133 1157 1166 mergens

955 1175 1054 1207 maris
1079 1174 1113 1206 in
1137 1173 1255 1205 medio.

907 1252 988 1293 Ave,
1014 1253 1128 1294 mater,

956 1303 988 1332 et
1011 1308 1108 1339 super
1133 1296 1267 1331 flumina

906 1348 1084 1389 Babylonis

956 1400 1027 1429 tuos
1052 1395 1208 1439 illumina,

908 1446 955 1480 Ut
980 1454 1052 1477 cum
1077 1444 1183 1477 choris

958 1498 1122 1526 cantemus
1146 1492 1275 1524 caelicis

907 1543 1073 1585 Hymnum
1096 1541 1157 1574 tibi

959 1592 999 1624 de
1025 1590 1102 1624 Sion
1129 1589 1273 1622 canticis.

911 1673 990 1712 Ave,
1018 1677 1078 1709 per
1103 1676 1199 1708 quam

957 1718 991 1749 in
1017 1716 1111 1750 bonis
1136 1715 1309 1756 provehor,

910 1768 992 1800 Toto
1018 1765 1079 1798 tibi

958 1815 1057 1847 corde
1083 1812 1247 1853 confiteor,

909 1863 1098 1899 Confitentis

955 1920 1068 1945 vocem
1094 1910 1250 1944 exaudias

907 1963 954 1996 Et
978 1960 1085 1993 oranti

956 2018 1067 2042 aurem
1092 2007 1229 2049 aperias.

908 2091 989 2129 Ave,
1016 2089 1140 2128 venter,

958 2146 1052 2177 quem
1079 2136 1146 2168 eius
1172 2134 1274 2167 sessio

909 2184 1087 2220 Decoravit

960 2237 994 2266 et
1017 2231 1225 2273 resurrectio,

909 2283 970 2324 Qui
994 2283 1144 2315 sedentes

957 2332 991 2365 in
1017 2330 1130 2364 mortis
1154 2336 1284 2361 carcere

909 2381 1034 2414 Novam
1061 2377 1140 2411 fecit

959 2429 1001 2463 ad
1027 2429 1131 2461 lucem
1153 2434 1295 2469 surgere.
