1655 2726
167 232 225 266 47.

167 784 223 816 48.

202 2530 333 2557 Dreves.
350 2529 476 2553 Psalteria
491 2528 650 2558 Rhythmica.
683 2529 719 2554 ΙΙ,

709 136 945 171 -17-

253 234 334 272 Ave,
360 242 421 273 per
446 242 541 273 quam

299 280 358 312 sub
385 280 492 313 carnis
518 284 633 316 trabea

253 328 384 361 Olausos
410 328 508 360 solvit

297 375 397 408 iudex
426 375 466 409 de
491 376 596 419 fovea,

251 424 298 457 Ut
321 424 366 455 sit
390 424 485 458 heres

296 471 380 505 lucis
403 475 442 505 ut
467 476 573 516 antea,

252 520 352 561 Quem
381 521 527 554 delusum

298 567 414 603 fraude
440 570 573 611 viperea

248 617 316 654 Sub
341 617 476 652 fornace

298 667 432 700 tenebat
455 666 564 701 ferrea

346 716 423 749 Dux
449 717 586 756 peccati.

251 784 334 823 Ave,
361 787 457 824 porta

296 840 358 871 per
383 841 478 872 quam
505 833 553 865 sol
580 833 706 866 radium

249 879 404 912 Nostrum
432 878 520 913 fudit

295 928 329 959 in
355 930 585 971 sanctuarium,

248 976 333 1009 Dum
361 986 420 1010 rex
444 986 533 1009 suum

296 1033 356 1065 per
381 1026 503 1058 ventris
529 1027 646 1059 ostium

250 1074 423 1114 Templum
447 1074 574 1107 intrans

295 1131 386 1162 pacls
412 1124 478 1156 fert
503 1124 659 1162 nuntium,

246 1171 297 1203 Ne
322 1171 386 1202 iam
411 1172 499 1204 ultra

295 1217 476 1252 formident
500 1221 644 1262 gladium

343 1267 526 1310 Desperati.

865 235 922 267 49.
949 237 1031 278 Ave,
1061 237 1102 269 de
1128 246 1190 277 qua

998 285 1149 325 procedit
1174 283 1317 327 victima,

949 332 1018 372 Qua
1043 333 1214 373 redempta

999 381 1162 421 consurgit
1187 380 1294 413 anima

949 428 1013 460 Per
1037 430 1072 460 te
1098 429 1233 469 dragma

999 477 1139 508 recurrit
1169 477 1303 518 decima,

948 523 1012 556 Per
1037 527 1069 555 te
1095 525 1182 557 redit

997 572 1066 605 ovis
1095 572 1278 616 centesima⁷

948 619 1016 653 Ubi
1039 622 1113 652 tuta

1001 669 1147 710 depascit
1172 678 1286 709 azyma

1049 717 1214 750 Veritatis.

867 785 924 819 50.
951 785 1033 826 Ave,
1061 785 1149 825 Sion,

999 834 1040 867 de
1062 834 1151 866 cuius
1178 834 1258 867 solio

949 881 1061 923 Surgit
1084 881 1193 915 infans

1000 931 1116 963 decore
1141 931 1240 972 regio,

948 979 998 1010 Tu
1024 988 1080 1011 vas
1105 988 1222 1012 novum

995 1028 1127 1067 plenum
1153 1029 1319 1069 mysterio,

947 1075 1039 1115 Quod
1068 1084 1139 1107 oum
1165 1076 1234 1108 sale

996 1133 1137 1156 mersum
1163 1125 1196 1156 in
1222 1122 1319 1157 fluvio

948 1171 1085 1204 Gustum
1111 1172 1236 1212 primae

994 1220 1071 1253 tulit
1095 1221 1136 1253 de
1160 1221 1270 1253 medio

1043 1269 1235 1303 vetustatis.

545 1357 742 1390 Secunda
773 1357 1093 1398 Quinquagena.

213 1450 220 1457 .
246 1425 330 1466 Ave,
354 1434 414 1466 per
440 1435 534 1466 quam

294 1482 391 1515 spero
416 1474 555 1514 restitui,

247 1522 329 1555 Cum
354 1523 396 1555 ad
423 1522 524 1555 vitam

295 1574 466 1613 resurgent
491 1572 619 1612 mortui,

246 1620 338 1660 Quod
363 1620 395 1652 in
421 1619 494 1653 Eva

295 1669 382 1701 male
407 1668 571 1711 distribui,

246 1719 338 1751 Tunc
364 1717 515 1759 gaudium

294 1766 386 1799 dabis
412 1766 548 1809 auditui,

245 1816 294 1850 Ut
318 1818 352 1847 te
377 1815 499 1856 possim

294 1866 326 1896 et
349 1867 404 1897 tuo
429 1863 557 1905 perfrui

341 1913 465 1945 Fructu
491 1915 609 1947 tecum.

247 1983 329 2022 Ave,
357 1982 444 2014 mitis

293 2030 381 2064 oliva
405 2030 537 2074 gloriae,

242 2080 400 2114 Fructum
427 2078 546 2120 ferens,

294 2127 384 2161 euius
412 2127 549 2160 deliciae

244 2177 381 2211 Gustum
408 2176 532 2209 habent

291 2226 424 2268 plenum
451 2226 567 2266 esurie,

244 2275 323 2308 Cum
351 2274 560 2308 descrescens

294 2326 419 2356 crescat
445 2323 576 2364 cotidie,

245 2372 311 2406 Ubi
336 2371 455 2405 fratres

291 2421 399 2464 pascit
422 2420 560 2454 meridie
577 2420 580 2423 '

339 2470 460 2512 Ioseph
482 2478 602 2503 secum.

888 1427 919 1461 3.
947 1427 1029 1467 Ave,
1056 1426 1157 1468 virgo,

996 1475 1110 1507 salutis
1137 1475 1255 1515 baiula,

948 1522 1041 1557 Sicut
1063 1526 1157 1556 vetus

996 1572 1135 1614 signavit
1160 1572 1282 1614 tabula,

945 1621 1031 1654 Dum
1058 1621 1236 1654 ascendens

993 1672 1031 1702 ut
1055 1668 1137 1701 fumi
1161 1670 1289 1710 virgula

946 1718 1079 1751 Florem
1106 1718 1214 1751 defers

996 1767 1036 1799 de
1063 1767 1144 1799 caeli
1169 1768 1312 1811 specula,

947 1815 1044 1848 Cuius
1070 1816 1151 1848 odor

997 1865 1127 1897 detersa
1148 1865 1277 1897 macula

1043 1913 1167 1946 Reddit
1191 1913 1300 1946 vitam.

886 1983 919 2015 4.
946 1981 1028 2021 Ave,
1057 1981 1154 2022 digna

994 2030 1063 2062 Deo
1087 2029 1268 2072 iuvencula‚

945 2079 1010 2111 Per
1035 2088 1130 2120 quam
1155 2080 1262 2120 prima

993 2130 1167 2160 recurrunt
1190 2129 1330 2162 saecula.

946 2175 1011 2208 Sua
1037 2177 1170 2210 Samson

994 2227 1066 2258 arat
1090 2225 1123 2257 in
1149 2225 1259 2266 vitula,

945 2273 1031 2306 'Dum
1057 2273 1100 2305 ad
1125 2277 1239 2306 nostra

996 2322 1152 2355 solvenda
1177 2323 1307 2356 vincula

947 2371 1037 2405 Caeli
1061 2369 1190 2411 profers

992 2420 1032 2453 de
1051 2420 1176 2453 ventris
1202 2421 1322 2455 cellula.

1040 2467 1261 2511 Margaritam.

1287 2528 1305 2557 2
