1655 2726
228 224 282 258 15.

228 552 283 586 16.

227 879 281 911 17.

223 1205 277 1238 18.

224 1531 278 1564 19.

222 1859 278 1892 20.

221 2199 276 2231 21.

755 127 992 163 -62—

311 224 434 266 Gaude,
452 228 565 265 mater,
580 228 717 258 matrum
735 225 842 267 decus,

312 272 410 306 Cuius
435 277 525 307 actus
548 274 650 306 omnis
675 282 806 315 aequus,

360 321 483 365 Gaude,
510 325 612 354 mater
632 321 770 358 Domini,

309 370 338 401 A
353 379 414 410 quo
428 378 529 410 omne,
549 370 633 410 quod
648 373 697 402 est
713 370 840 409 almum,

310 418 408 450 Dicat
433 418 534 451 omnis
559 421 647 450 terra
672 418 830 458 psalmum

357 466 473 499 Sancto
499 466 566 498 eius
591 467 721 500 nomini.

310 552 432 597 Gaude,
459 554 562 584 mater
587 552 761 592 benedicti,

308 601 338 632 A
364 610 425 641 quo
451 610 611 641 nunquam
639 600 787 633 derelicti

358 648 438 681 Sunt
462 648 538 680 boni
562 651 595 679 et
615 648 760 689 humileS,

310 696 371 735 Qui
396 696 551 737 superbos
577 697 732 740 eradicat,

308 745 383 785 Ipse
409 744 501 777 nobis
526 744 698 777 benedicat

356 792 585 833 Confortetque
612 793 743 826 debiles.

311 878 434 922 Gaude,
450 880 553 910 mater
566 878 687 911 habens
704 878 838 920 prolem,

310 926 406 959 Cuius
432 935 562 967 regnum
588 936 688 967 supra
711 927 810 959 solem

354 975 399 1007 Et
423 974 481 1007 sub
506 975 573 1007 sole
596 976 745 1011 solidum,

306 1023 513 1063 Dissipentur
537 1023 645 1056 hostes
672 1024 749 1063 eius,

306 1071 430 1111 Agmen
457 1071 542 1102 omni
567 1074 658 1111 peste
682 1071 783 1112 peius,

353 1120 477 1160 Agmen
501 1119 594 1151 almis
618 1120 773 1152 invidum.

306 1204 429 1245 Gaude,
445 1205 559 1237 mentis
570 1214 643 1245 spes
652 1213 835 1249 oppressae,

304 1253 404 1295 Virga
425 1254 465 1285 de
489 1253 600 1285 radice
623 1254 712 1286 Iesse

352 1301 515 1333 Generosa
539 1302 702 1345 prodiens,

306 1350 401 1382 Cuius
427 1349 596 1381 benedicto
621 1348 701 1382 flore

304 1398 521 1438 Prosperatur
546 1398 579 1429 in
605 1396 733 1430 fervore

353 1445 417 1478 Gor
441 1445 483 1477 ad
507 1444 608 1477 Deum
635 1446 774 1480 rediens,

307 1530 428 1575 Gaude,
455 1533 558 1562 mater
583 1532 762 1574 salvatoris,

303 1579 363 1620 Qui
388 1588 445 1612 nos
471 1579 576 1611 salvet
604 1582 635 1611 et
660 1589 679 1612 a
702 1580 780 1612 loris

351 1627 510 1659 Absolvat
534 1628 762 1671 peccaminum,

304 1675 356 1708 Ne
381 1684 438 1707 nos
465 1675 573 1708 trahat
596 1676 629 1707 in
655 1675 807 1716 profundi

306 1724 432 1757 Limum
457 1723 583 1763 pondus
609 1724 700 1756 huius
726 1725 836 1756 mundi

350 1772 395 1804 Et
419 1771 518 1803 moles
542 1773 771 1812 gravaminum.

306 1856 443 1903 [Gaude‚
471 1858 576 1890 nitens
602 1858 785 1900 margarita,

303 1907 339 1939 In
366 1905 507 1947 supremi
532 1906 677 1939 stabilita

350 1955 449 1996 Regis
476 1954 667 1997 diademate,

304 2005 367 2037 Per
393 2007 424 2036 te
450 2011 568 2043 quaero
595 2003 740 2036 exaudiri

302 2052 347 2085 Et
372 2052 412 2085 ab
439 2060 476 2084 eo
501 2051 640 2083 stabiliri

351 2101 390 2134 1n
417 2099 547 2133 caelesti
573 2100 709 2133 climate.

305 2197 428 2239 Gaude,
455 2199 558 2229 mater
581 2196 749 2236 adiutoris,

305 2246 364 2286 Qui
377 2248 560 2278 sanctorum
574 2248 705 2285 praeest
719 2245 834 2287 choris,

355 2295 452 2330 Cuius
479 2293 673 2327 adiutorium

302 2344 387 2377 Mihi
411 2351 528 2384 precor
552 2350 638 2374 nunc
661 2342 786 2385 adesse,

304 2392 392 2425 Sicut
418 2399 546 2433 semper
572 2393 621 2422 est
645 2399 785 2433 necesse,

351 2441 472 2474 Contra
496 2448 588 2472 omne
610 2435 766 2483 noxium]

915 226 970 257 22.

912 553 969 586 23.

911 879 966 911 24.

910 1207 964 1239 25.

907 1534 963 1566 26.

907 1863 963 1895 27.

906 2202 960 2235 28.

998 222 1120 268 Gaude,
1148 227 1261 267 mater,
1288 224 1356 255 esto
1381 230 1484 262 prope

995 272 1079 305 Mihi
1103 275 1159 305 tua
1181 275 1289 306 servet
1314 279 1374 312 ope

1045 321 1083 352 In
1108 321 1215 353 hostili
1239 321 1318 360 acie,

996 368 1033 401 In
1059 371 1222 402 aeternum
1248 377 1288 402 ne
1315 365 1503 408 confundar,

996 415 1060 449 Sed
1087 419 1238 451 emender
1263 419 1295 450 et
1319 414 1499 447 abscondar

1042 465 1079 497 In
1106 469 1237 498 aeterna
1263 463 1381 505 requie.

996 550 1122 594 Gaude,
1148 555 1261 593 mater,
1290 551 1378 583 euius
1402 549 1489 589 proli

995 599 1125 642 Terrae,
1152 601 1250 633 maris
1276 602 1371 640 atque
1394 598 1462 638 poli

1042 647 1103 679 Est
1128 658 1220 681 omne
1243 647 1396 680 iudicium

993 694 1100 729 Dante
1125 696 1194 729 Deo
1220 700 1314 737 patre
1341 695 1458 737 datum,

996 743 1041 776 Ut
1063 744 1096 776 in
1124 746 1246 778 cunetis
1271 744 1366 777 rebus
1392 745 1495 774 ratum

1042 792 1090 824 Sit
1116 793 1182 825 eius
1208 792 1386 825 arbitrium.

994 877 1116 919 Gaude,
1144 879 1244 921 virgo,
1273 878 1359 911 cuius
1383 887 1526 918 gressum

994 926 1159 959 Stabilivit
1181 926 1377 960 indefessum

1039 975 1078 1007 In
1103 975 1157 1008 via
1180 976 1322 1008 iustitiae

991 1022 1101 1056 Rectis
1128 1024 1225 1056 corde
1250 1025 1356 1055 rector
1380 1022 1493 1064 bonus,

991 1070 1104 1104 Dulcis
1130 1075 1223 1111 pater
1249 1075 1280 1103 et
1301 1074 1466 1111 patronus,

1039 1118 1111 1152 Rex
1136 1122 1286 1152 aeternae
1311 1119 1441 1159 gloriae.

994 1205 1116 1248 Gaude,
1144 1206 1299 1246 splendor
1324 1206 1511 1249 honestatis,

992 1255 1219 1288 Ornamentum
1246 1254 1414 1295 castitatis,

1039 1301 1211 1343 Virginalis
1236 1302 1371 1343 puritas,

991 1351 1106 1384 Pastor
1133 1360 1272 1383 summus
1298 1354 1330 1382 te
1356 1354 1469 1384 orante

989 1398 1081 1437 Lupo
1107 1401 1215 1431 servet
1239 1399 1279 1431 ab
1305 1398 1445 1431 instante

1040 1446 1121 1478 Oves
1146 1447 1207 1479 tibi
1234 1447 1384 1481 creditas,

991 1532 1114 1575 Gaude,
1141 1535 1243 1567 sancti
1265 1538 1378 1567 sancta
1394 1545 1526 1580 parens,

991 1581 1087 1614 Cuius
1120 1585 1249 1615 sanctus
1276 1584 1379 1616 omnis
1404 1594 1525 1624 parens

1037 1629 1082 1662 Ut
1105 1631 1208 1663 actori
1233 1631 1384 1675 omnium,

991 1677 1089 1712 Cuius
1113 1679 1263 1712 invocare
1287 1689 1403 1713 nomen

988 1725 1033 1758 Et
1057 1735 1165 1758 amare
1190 1727 1269 1760 felix
1295 1737 1388 1761 omen

1036 1774 1158 1816 Populo
1184 1775 1338 1811 fidelium.

991 1861 1115 1904 Gaude,
1148 1866 1251 1897 mater
1279 1867 1346 1897 ‘tam
1372 1867 1527 1906 prudenti

990 1911 1089 1951 Quam
1110 1913 1289 1954 praeclaro,
1316 1916 1380 1946 tam
1398 1916 1523 1955 potenti

1039 1956 1214 1993 Declarata
1237 1961 1315 2002 filio,

992 2007 1053 2047 Qui
1077 2017 1141 2041 non
1165 2009 1199 2041 in
1224 2011 1349 2043 Iudaea
1371 2012 1485 2056 solum,

992 2055 1057 2088 Sed
1082 2065 1141 2096 per
1166 2067 1259 2092 omne
1283 2063 1399 2100 regnat
1423 2062 1529 2095 solum

1038 2103 1131 2137 Solus
1157 2106 1279 2148 absque
1303 2108 1402 2143 socio.

989 2200 1113 2244 Gaude,
1138 2203 1243 2247 virgo,
1271 2205 1360 2237 cuius
1385 2207 1458 2239 voci

988 2250 1145 2283 Levitatis
1171 2255 1267 2293 atque
1290 2253 1355 2286 ioci

1037 2298 1136 2332 Nulla
1161 2300 1268 2334 haesit
1292 2303 1429 2345 vanitas,

989 2347 1036 2380 Te
1061 2351 1173 2381 orante
1200 2353 1232 2382 et
1255 2351 1380 2383 intente

989 2395 1063 2428 Tibi
1088 2396 1158 2430 Deo
1183 2398 1373 2432 intendente

1035 2444 1103 2478 Nos
1128 2446 1271 2480 illustret
1297 2448 1416 2482 veritas
