1655 2726
247 228 299 261 17.

245 834 299 866 18.

246 1437 300 1470 19.

247 2054 305 2086 20.

772 128 1034 164 -11-4—

315 227 476 268 Exsurgat
502 228 598 266 Deus,
626 235 754 258 suorum

315 275 448 308 Punitor
469 276 681 313 inimicorum,

361 322 513 364 Effugans
541 332 593 356 eos
618 323 755 363 penitus,

314 371 368 404 Sic
391 375 439 403 est
463 375 606 404 tutamen
631 379 794 403 servorum

316 419 384 451 Sibi
409 428 536 460 semper
563 420 750 452 devotorum

362 467 488 500 Fovens
514 477 566 500 eos
593 467 745 499 divinitus

314 515 510 555 Dissipando
536 515 703 551 radicitus,

314 563 375 603 Qui
400 563 556 597 bellorum
584 566 616 595 et
640 563 793 603 strepitus

363 612 532 651 Appetunt
555 615 666 643 tenere
691 610 804 649 forum,

317 658 491 692 Confirmet
517 660 598 692 dono
626 659 769 699 spiritus,

314 708 453 747 Quorum
478 708 550 749 pius
577 710 625 739 est
650 707 803 739 transitus

364 756 426 787 Per
441 756 523 788 hanc
531 756 615 787 viam
626 755 868 787 mundanorum.

315 831 445 864 Salvum
462 842 513 864 me
530 831 592 871 fac,
618 831 714 870 Deus,
734 840 869 862 mersum

315 879 401 912 Mari
426 881 537 913 mundi
563 883 595 911 et
619 879 816 911 submersum

363 927 587 968 Vallatumque
612 928 751 968 angaria,

315 974 525 1015 Naufragium
544 976 616 1016 plus
630 985 724 1016 quam
737 979 787 1007 ter
802 984 870 1006 sum

317 1024 433 1056 Passus
459 1025 605 1064 quoniam
632 1024 801 1056 adversum

363 1070 419 1102 Me
442 1073 597 1113 pugnavit
621 1071 761 1110 invidia3

315 1119 365 1151 Tu
390 1119 462 1158 scis,
490 1123 608 1160 quanta
633 1122 665 1151 et
688 1119 796 1159 qualia

319 1167 460 1199 Sustinui
486 1168 671 1208 opprobria,

365 1215 410 1246 Et
426 1224 477 1247 me
494 1216 533 1247 ob
558 1216 618 1247 hoc
635 1215 675 1246 ad
694 1218 727 1246 te
745 1223 869 1245 versum

315 1262 513 1302 Sperantem,
539 1263 625 1304 quod
652 1262 813 1294 contraria

315 1311 386 1343 Tua
410 1309 539 1343 favente
563 1311 667 1351 gratia

363 1359 430 1391 Iam
440 1367 491 1391 me
500 1359 639 1391 reddant
647 1358 688 1390 ad
700 1361 732 1389 te
740 1362 871 1390 tersum.

315 1435 413 1473 Deus,
439 1435 473 1467 in
500 1436 693 1468 adiutorium

316 1483 424 1515 Meum
449 1486 481 1515 te
497 1484 705 1515 monstrando
731 1483 818 1522 Pium

365 1531 570 1564 Festinanter
587 1532 649 1563 iam
675 1530 824 1562 intendas

317 1579 368 1611 Ab
394 1579 585 1620 incursuque
609 1579 745 1611 hostium

317 1628 431 1668 Inique
455 1628 714 1668 persequentium

362 1675 511 1708 Animam
540 1684 638 1707 meam
668 1673 832 1710 defendas,

316 1723 365 1755 Tu
392 1724 485 1755 etiam
513 1724 560 1755 sic
583 1723 766 1764 perpendas

317 1771 544 1812 Maiignantes⁷
571 1771 656 1811 quod
684 1770 860 1803 descendas

365 1820 417 1851 Ad
443 1828 534 1852 suum
561 1819 793 1857 exterminium,

319 1868 390 1899 Nisi
415 1867 510 1900 aliter
535 1867 683 1900 attendas

319 1915 437 1957 Calpas
462 1926 535 1948 suas
560 1915 766 1956 corrigendas

365 1965 429 1996 Per
453 1968 486 1996 te
511 1963 629 1996 factum
656 1963 840 2003 propitium.

318 2052 355 2084 In
382 2054 424 2089 te,
451 2050 596 2089 Domine,
623 2059 713 2091 spem
738 2058 840 2081 meam

318 2101 406 2132 Pono
433 2108 598 2139 quaerens,
626 2101 661 2130 ut
686 2098 819 2130 habeam

366 2147 412 2179 Te
437 2151 651 2187 protectorem
676 2146 809 2184 animae,

319 2197 365 2230 Ut
388 2204 439 2228 me
464 2205 584 2233 serves,
609 2204 650 2227 ne
674 2203 800 2236 peream

319 2245 560 2285 Elongatusque
582 2244 712 2276 redeam

364 2293 420 2325 Ad
444 2296 477 2325 te
501 2291 788 2330 vehementissime,

318 2341 363 2375 Ut
389 2342 512 2374 servire
538 2341 714 2373 castissime

318 2390 419 2422 Matri
444 2392 519 2422 tuae
544 2389 764 2422 sanctissimae

367 2438 411 2470 Et
437 2439 496 2471 tibi
521 2447 648 2478 semper
675 2438 795 2470 valeam

931 988 986 1019 22.

933 2196 988 2229 24.

1001 228 1198 267 Sanctosque
1222 221 1447 256 honestissime

1000 275 1086 307 Tuos
1112 278 1145 306 et
1171 270 1376 306 devotissime

1050 322 1202 355 Venerari
1228 319 1322 353 simul
1348 326 1471 358 queam.

977 418 984 424 .
998 391 1097 428 Deus,
1124 390 1276 422 iudicium
1302 389 1392 418 tuum

1001 439 1054 472 Sic
1079 438 1137 470 tibi
1164 438 1207 470 sit,
1230 437 1430 477 perpetuum,

1050 487 1095 520 Ut
1113 486 1266 518 iustitiam
1293 486 1461 522 temperes,

1001 535 1056 567 Sic
1082 534 1196 574 cuique
1219 532 1321 565 redde
1345 540 1446 572 suuni,

1001 583 1089 623 Quod
1118 590 1263 614 reserves
1287 579 1442 620 irriguum

1050 630 1182 663 Gratiae
1206 631 1341 669 propter
1366 634 1544 667 pauperes;

1003 679 1035 711 Si
1061 678 1243 710 misericors
1270 683 1396 715 semper
1422 684 1464 712 es,

1001 726 1045 759 Et
1070 726 1150 757 haec
1174 732 1340 757 senserere
1365 726 1489 755 veteres

1048 775 1111 807 Per
1135 773 1311 813 probamen
1338 770 1515 809 effectuum,

1001 822 1096 854 Nunc
1121 822 1215 853 etiam
1242 824 1275 852 te
1298 821 1446 853 moderes

1000 870 1045 902 Et
1071 870 1112 902 ad
1138 878 1317 901 successum
1343 876 1497 908 properes

1048 917 1228 950 Miser-endi
1255 916 1449 949 continuum.

1002 986 1100 1025 Quam
1129 984 1230 1016 bonus
1257 987 1289 1015 et
1314 992 1406 1024 quam
1433 982 1551 1020 suavis,

1002 1033 1100 1071 Deus,
1128 1041 1161 1064 es
1188 1032 1284 1063 etiam
1308 1032 1417 1071 pravis

1048 1081 1168 1113 Volens
1200 1079 1390 1120 quandoque
1414 1087 1562 1119 parcere,

1003 1131 1100 1169 Quam
1128 1128 1284 1159 terribilis
1311 1130 1341 1158 ct
1367 1127 1475 1168 gravis

1002 1176 1179 1210 Obstinatis
1206 1178 1255 1207 est
1278 1178 1334 1206 tua
1359 1177 1419 1213 vis,

1050 1224 1108 1263 Qui
1134 1232 1169 1255 se
1193 1224 1307 1255 nolunt
1333 1224 1510 1264 corrigere3

1002 1272 1089 1313 Ergo
1116 1272 1231 1303 bonum
1258 1269 1421 1304 confidere

1001 1321 1038 1353 In
1063 1323 1097 1351 te
1120 1323 1170 1351 est
1194 1323 1226 1351 et
1250 1327 1338 1359 spem
1364 1328 1495 1358 ponere,

1051 1368 1096 1401 Ut
1120 1370 1258 1399 testatur
1283 1371 1356 1398 tuus
1381 1368 1501 1406 David,

1004 1417 1081 1449 Cum
1108 1420 1196 1447 recte
1221 1415 1300 1447 velis
1326 1423 1439 1455 regere

1002 1464 1045 1496 Et
1071 1464 1113 1496 ad
1138 1466 1265 1504 portum
1293 1463 1483 1503 conducere,

1050 1511 1133 1551 Quos
1160 1511 1302 1543 continet,
1323 1514 1379 1543 tua
1403 1513 1505 1547 navis..

980 1589 1048 1621 .Ut
1073 1589 1160 1629 quid,
1187 1588 1284 1627 Deus,
1313 1590 1495 1630 reppulisti,

1000 1637 1083 1677 Quos
1109 1637 1262 1677 sanguine
1287 1637 1453 1670 redemisti

1047 1684 1090 1717 Et
1112 1685 1226 1725 quibus
1252 1694 1285 1717 es
1311 1685 1486 1726 hereditas,

1000 1734 1059 1773 Qui
1086 1733 1192 1773 capita
1218 1732 1403 1774 confregisti

1000 1782 1161 1814 Draconis
1188 1784 1220 1813 et
1243 1782 1426 1815 contrivisti

1048 1829 1193 1861 Fraudes
1219 1830 1286 1861 eius
1314 1830 1394 1863 dans
1419 1832 1552 1874 irritas3

1003 1876 1027 1909 O
1052 1876 1167 1910 infelix
1191 1878 1344 1918 iniquitas

1001 1925 1121 1957 Nostra
1148 1928 1244 1966 atque
1268 1929 1484 1966 perversitas!

1050 1973 1133 2012 Scio,
1161 1974 1234 2014 quia
1258 1974 1320 2007 hoc
1346 1977 1440 2017 egisti

1002 2021 1055 2059 Et,
1082 2022 1144 2053 nisi
1168 2023 1234 2054 eius
1259 2024 1380 2057 veritas

1004 2069 1211 2103 Mansuescat
1236 2074 1267 2103 et
1292 2073 1446 2113 aequitas,

1050 2117 1106 2149 Me
1132 2123 1164 2150 et
1185 2120 1301 2153 multos
1324 2123 1511 2161 perdidisti.

1005 2194 1232 2228 Confitebimur
1255 2197 1329 2230 ideo

1005 2243 1230 2283 Supplicantes
1254 2246 1316 2278 tibi
1341 2246 1422 2286 Deo,

1052 2291 1098 2324 Ut
1121 2302 1140 2324 a
1164 2294 1257 2326 malis
1283 2304 1340 2326 nos
1368 2303 1470 2334 eruas,

1004 2340 1083 2380 Quia
1110 2341 1175 2373 scio
1203 2344 1235 2373 et,
1259 2343 1366 2381 video,

1005 2388 1106 2429 Quod,
1132 2389 1194 2420 nisi
1220 2393 1308 2422 stans
1336 2393 1372 2422 tu
1397 2401 1457 2432 pro
1485 2402 1539 2426 reo

1054 2436 1174 2469 Reatus
1202 2439 1268 2471 eius
1297 2440 1410 2479 diluas,
