1655 2726
722 639 750 671 5.
782 638 908 671 sertum
930 638 1054 670 Christi.

262 820 295 852 1.
320 819 402 861 Ave,
428 814 504 850 iesu
531 817 687 858 conditor,

369 866 489 899 veritas
515 869 548 897 et
570 865 647 905 vita,

323 914 396 954 Via,
423 914 535 954 virtus,
562 912 676 954 gratia,

373 962 460 995 salus
484 961 622 995 infinita.

266 1052 297 1083 2.
324 1050 406 1090 Ave,
433 1049 487 1088 qui
514 1049 554 1080 de
578 1047 697 1081 lumine

372 1098 479 1129 lumen
505 1095 666 1128 advenisti

323 1146 369 1178 Et
395 1144 436 1178 de
459 1145 572 1176 matris
596 1147 688 1176 utero

374 1192 466 1225 nobis
491 1192 638 1225 illuxisti.

266 1280 298 1312 3.
325 1279 406 1318 Ave,
434 1278 588 1318 splendor
612 1277 734 1320 gloriae

375 1328 530 1367 paternae
553 1325 741 1366 maiestatis,

327 1374 498 1414 Speculum
520 1373 698 1405 munditiae

375 1421 503 1455 divinae
525 1420 666 1461 pietatis

271 1510 304 1541 4.
331 1509 413 1549 Ave,
439 1516 495 1538 vas
522 1506 718 1547 clementiae,

374 1564 515 1588 summae
540 1554 682 1595 pietatis,

329 1604 510 1644 Reparator
535 1604 669 1644 gratiae,

376 1653 483 1684 lumen
509 1650 666 1684 veritatis,

272 1741 303 1772 5.
329 1739 410 1782 Ave,
438 1738 491 1779 qui
516 1747 575 1778 per
599 1738 746 1778 angelum

378 1786 467 1820 nasci
488 1786 646 1819 nuntiaris

329 1835 375 1867 Et
398 1835 431 1867 in
455 1834 567 1866 matris
592 1837 683 1866 utero

377 1883 464 1916 Deus
488 1882 679 1916 incarnariS.

248 2057 304 2090 11.
330 2058 410 2101 Ave,
439 2056 492 2096 qui
517 2055 701 2089 muneribus

379 2115 399 2137 a
422 2104 524 2145 magis
549 2104 724 2144 adiuvaris‚

330 2153 450 2194 Quibus
478 2153 569 2185 donis
592 2152 738 2194 mysticis

379 2205 415 2234 ut
438 2201 526 2234 Deus
550 2200 709 2235 adoraris

253 2290 309 2323 12.
335 2290 417 2331 Ave,
443 2289 496 2330 qui
520 2298 580 2331 per
604 2287 760 2329 virginem

382 2338 415 2370 in
440 2338 560 2379 templo
584 2337 802 2378 praesentaris

330 2386 374 2418 Et
399 2394 458 2427 per
483 2395 592 2418 senem
615 2384 754 2418 indicem

379 2435 449 2476 pati
473 2433 683 2475 praedicaris,

872 737 899 769 I.

935 1737 989 1770 10.

938 2055 993 2090 13.

981 840 988 846 .
1014 815 1096 852 Ave,
1123 813 1178 853 qui
1205 813 1246 845 de
1270 812 1395 853 virgine

1064 862 1154 894 nasci
1178 861 1308 894 voluisti

1014 911 1060 944 Et
1085 918 1124 942 ex
1151 911 1258 942 clauso
1284 909 1426 942 thalamo

1061 958 1174 991 matris
1198 957 1398 999 processisti.

1012 1047 1093 1089 Ave,
1121 1045 1175 1085 qui
1198 1044 1388 1085 praesaepio

1061 1101 1186 1134 pauper
1209 1092 1377 1125 inclinaris

1014 1142 1059 1174 Et
1083 1141 1117 1177 in
1141 1140 1259 1181 pannis
1282 1139 1401 1172 vilibus

1065 1189 1153 1222 dives
1178 1188 1361 1222 occultaris.

980 1301 988 1309 .
1014 1276 1096 1314 Ave,
1121 1275 1176 1315 qui
1200 1274 1386 1315 pastoribus

1061 1325 1155 1355 natus
1180 1323 1340 1356 nuntiaris

1015 1371 1061 1404 Et
1086 1371 1219 1403 caelesti
1244 1370 1352 1404 curiae

1064 1427 1140 1451 vere
1167 1419 1352 1452 dominaris,

982 1531 989 1538 .
1015 1507 1097 1549 Ave,
1123 1506 1203 1547 legis
1231 1505 1379 1538 conditor

1064 1554 1122 1587 sub
1148 1554 1219 1596 lege
1244 1555 1463 1597 circumcisus,

1019 1603 1079 1643 Qui
1103 1611 1163 1642 per
1187 1611 1296 1635 semen
1320 1603 1475 1637 Abrahae

1064 1651 1250 1691 redemptor
1276 1659 1309 1684 es
1332 1654 1511 1692 praevisus.

1016 1738 1096 1781 Ave,
1125 1738 1179 1778 qui
1204 1747 1223 1769 a
1247 1737 1377 1779 regibus

1065 1786 1178 1826 quaeri
1201 1786 1342 1829 voluisti,

1018 1832 1138 1874 Quibus
1164 1834 1288 1875 signum
1318 1835 1472 1868 caelicum

1066 1890 1126 1923 per
1151 1883 1279 1915 stellam
1305 1884 1487 1921 ostendisti.

1019 2056 1100 2095 Ave,
1128 2056 1181 2097 qui
1207 2057 1321 2089 exsilio

1065 2112 1125 2145 per
1146 2108 1282 2137 matrem
1309 2106 1492 2147 deportaris

1018 2152 1064 2185 Et
1088 2153 1195 2185 verbis
1218 2154 1418 2195 propheticis

1066 2201 1144 2233 inde
1168 2202 1341 2236 revocaris,

929 2289 984 2322 14.
1010 2289 1090 2328 Ave,
1120 2290 1172 2330 qui
1197 2291 1341 2332 virgineo

1067 2338 1153 2370 lacte
1176 2340 1367 2373 sustentaris

1021 2386 1065 2418 Et
1089 2388 1243 2420 maternis
1265 2388 1409 2422 brachiis

1067 2437 1105 2467 ut
1127 2445 1209 2477 puer
1232 2437 1399 2471 baiularis.
