1655 2726
238 230 293 263 37.

241 442 296 474 38.

243 654 298 685 39.

242 941 297 973 43.

244 1152 299 1184 44.

242 1661 299 1694 48.

245 1874 299 1906 49.

250 2086 304 2118 50.

321 228 500 270 Nequando
526 228 663 260 animam
687 237 788 260 meam

322 277 439 319 Rapiat
463 277 514 308 leo
539 276 679 318 rugiens,

323 326 347 358 O
370 325 485 367 Maria,
513 333 622 357 serves
648 333 726 365 eam,

321 373 430 414 Virgo,
457 372 577 412 pressis
603 372 806 405 subveniens.

324 440 521 473 Subveniens
548 443 579 471 et
604 440 792 472 subvertens

321 488 422 521 Facta
449 488 594 519 daemoni
620 487 754 520 foedera

322 536 597 577 Theophilumque
624 540 823 576 convertens,

322 585 437 616 Iuvare
459 593 516 615 nos
542 584 697 618 accelera.

325 652 491 692 Accelera,
519 659 592 690 spes
615 660 801 691 pauperum,

326 700 509 739 Exsurgere
535 708 604 730 cuin
630 699 744 740 gloria,

330 748 391 779 Per
416 756 507 787 quam
533 756 672 778 meorum
701 747 855 778 scelerum

328 796 539 829 consumatur
563 795 716 835 nequitia.

851 128 918 164 132

924 229 979 262 40.

926 440 981 473 41.

928 652 983 682 42.

840 870 931 903 VIII.

326 939 472 976 Domine,
499 939 590 971 nobis
617 939 792 977 dominans,

325 987 393 1019 Das
418 995 531 1020 nomen
559 987 750 1019 admirabile

325 1035 442 1067 Matris
467 1038 550 1073 tuae,
579 1036 794 1067 exterminans

324 1083 532 1115 Daemonium
560 1083 724 1115 horribile.

328 1149 493 1182 Horribilc
518 1148 583 1181 fert
606 1153 772 1191 peccatum

325 1197 468 1230 Daemon
496 1202 528 1229 et
549 1196 676 1238 flagella
705 1198 785 1241 dira,

325 1245 390 1277 Sed
416 1246 530 1278 clausit
557 1246 586 1277 ei
611 1248 749 1278 meatum

326 1293 484 1326 Memoria
508 1294 555 1325 tui
579 1294 670 1326 mira.

929 940 986 971 45.

930 1151 983 1182 46.

1007 227 1160 269 Nequitia
1186 224 1361 257 remittitur

1008 273 1260 314 contemplantis
1290 274 1378 303 tuum
1406 271 1542 309 vultum,

1008 323 1164 356 Venerari
1190 325 1222 354 te
1246 320 1345 362 igitur

1007 373 1128 405 Iustum
1151 373 1200 402 est
1211 377 1338 411 semper
1353 370 1385 400 et
1397 367 1541 399 multum.

1009 440 1147 473 Multum
1175 441 1207 469 et
1230 438 1293 469 iam
1320 436 1473 468 auxilium

1009 488 1070 530 Da,
1097 486 1256 520 sublatrix
1282 485 1343 517 Dei
1368 485 1446 526 irae,

1009 536 1076 575 Quo
1103 535 1225 568 valeam
1251 534 1403 566 iudicium

1010 584 1083 615 Iesu
1107 584 1222 616 iustum
1250 582 1439 622 praeterire.

1010 650 1193 683 Praeterire
1217 649 1378 689 supplicia

1014 697 1132 738 Nequit
1157 698 1271 737 plenus
1296 697 1490 736 peccamine,

1012 745 1084 777 Nisi
1109 745 1331 777 misericordia

1012 793 1149 836 Mariae,
1176 802 1310 833 magnae
1336 793 1494 825 dominae.

1012 937 1101 970 Mira
1124 936 1362 977 magnificentia

1014 985 1158 1017 Nominis
1183 986 1239 1025 tui,
1267 986 1383 1028 Maria,

1011 1033 1149 1066 Elevata
1173 1033 1207 1064 in
1233 1034 1339 1074 patria

1012 1081 1114 1113 Nobis
1140 1082 1243 1113 virtus
1268 1082 1311 1112 sit
1335 1082 1367 1113 in
1395 1082 1455 1114 via.

1012 1149 1049 1181 In
1076 1149 1127 1181 via
1153 1148 1280 1188 quidem
1307 1149 1469 1181 hominum

1012 1196 1157 1229 Daemon
1185 1196 1239 1228 diu
1263 1206 1326 1228 non
1352 1201 1504 1239 moratur,

1013 1245 1081 1284 Qua
1105 1244 1222 1283 Maria,
1250 1244 1303 1276 lex
1331 1246 1498 1286 virginum,

1011 1293 1136 1324 Nomen
1161 1295 1249 1323 tuum
1275 1294 1464 1327 ruminatur.

585 1362 639 1394 47.
667 1362 698 1394 A
723 1361 826 1393 turbis
854 1369 927 1401 ergo
955 1361 1123 1392 discedens

667 1410 706 1442 In
731 1408 881 1441 laudibus
907 1408 1081 1441 exercebor

668 1458 712 1489 Et
735 1456 857 1489 nomini
879 1458 932 1488 tuo
958 1457 1074 1489 sedens

668 1507 718 1537 Ac
742 1505 915 1544 procidens
941 1503 1128 1537 confitebor.

857 1591 915 1623 IX.

325 1659 510 1694 Confitehor
534 1659 595 1690 tibi
619 1659 716 1690 corde

328 1708 473 1741 Nominis
499 1707 669 1749 mirabilia,

326 1757 424 1788 Alma
447 1761 550 1787 mater
573 1755 642 1786 sine
667 1756 772 1796 sorde,

328 1804 403 1836 Sine
431 1804 534 1836 carnis
560 1803 725 1843 spurcitia.

332 1871 494 1912 Spurcitia
518 1880 580 1902 non
606 1870 722 1911 iugiter

329 1921 462 1954 Servum
488 1919 632 1958 inquinat
658 1918 796 1962 Domini,

330 1969 390 2008 Qui
416 1977 451 2000 se
476 1975 603 2007 semper
628 1967 796 1999 sinceriter

330 2016 539 2049 Commendat
561 2018 617 2047 tuo
640 2015 771 2047 nomini.

331 2084 461 2117 Nomini
485 2083 562 2115 hinc
586 2082 741 2114 altissimo

332 2133 432 2165 Laete
456 2131 602 2173 psallam,
630 2131 796 2169 altissima,

328 2181 447 2222 Magno
476 2180 665 2219 depromens
691 2179 807 2220 animo,

330 2230 376 2263 Ut
400 2229 462 2261 hoc
485 2229 629 2269 signetur
654 2228 769 2260 anima.

246 2297 300 2329 51.
326 2296 445 2329 Anima
468 2295 526 2327 illa
551 2294 656 2338 beata,

331 2344 426 2378 Cuius
452 2344 575 2377 animus
601 2343 747 2384 pudicus,

330 2393 468 2425 Nomine
492 2395 546 2424 tuo
572 2392 700 2432 signata.

331 2441 460 2483 Aufert,
488 2442 575 2481 quod
601 2439 666 2472 fert
689 2440 846 2472 inimicus.

931 1660 986 1692 52.

935 2297 990 2328 55.

1013 1660 1164 1692 Inimicus
1190 1669 1211 1691 a
1234 1658 1319 1691 facie

1012 1707 1159 1740 Nominis
1185 1708 1233 1739 tui
1259 1712 1380 1748 pereat,

1012 1756 1129 1794 Maria,
1157 1758 1187 1787 et
1214 1765 1271 1787 rex
1296 1757 1419 1797 gloriae

1013 1804 1077 1836 Per
1107 1804 1168 1836 hoc
1192 1804 1234 1836 ad
1259 1813 1310 1836 me
1334 1805 1398 1837 iam
1425 1806 1548 1838 redeat.

980 1896 986 1902 .
1013 1870 1140 1903 Redeat
1165 1871 1206 1902 ad
1232 1871 1334 1903 Deum
1360 1881 1452 1905 suum

1014 1919 1050 1951 In
1074 1918 1212 1952 Satanae
1237 1929 1365 1952 morans
1389 1922 1452 1964 via,

1014 1967 1131 2008 Maria,
1157 1976 1216 2006 per
1241 1977 1359 2001 nomen
1384 1972 1473 2002 tuum

1015 2015 1154 2047 Rursum
1179 2014 1307 2057 fulgens
1329 2018 1396 2050 fide
1419 2019 1486 2059 pia.

982 2105 989 2112 .
1017 2082 1077 2115 Pia
1103 2084 1190 2115 cuius
1216 2085 1370 2117 memoria

1016 2132 1055 2163 In
1083 2140 1137 2163 cor
1162 2140 1266 2164 meum
1291 2133 1339 2165 sic
1362 2133 1491 2179 figatur,

1018 2178 1133 2220 Sicque
1157 2184 1308 2220 promant
1333 2182 1395 2215 hoc
1418 2184 1517 2226 labia,

1017 2228 1108 2267 Quod
1133 2229 1240 2261 anima
1264 2233 1463 2272 protegatur.

1017 2296 1209 2338 Protegatur
1234 2297 1327 2337 plebs
1354 2300 1451 2332 etiam

1019 2344 1083 2377 Per
1099 2345 1159 2377 boc
1171 2354 1298 2386 nomen,
1316 2348 1403 2387 quod
1417 2348 1556 2389 rumino,

1020 2393 1083 2425 Pro
1110 2401 1171 2434 quo
1198 2393 1238 2425 do
1263 2394 1370 2427 laudis
1396 2396 1534 2429 hostiam

1020 2440 1105 2483 Tibi,
1132 2443 1244 2485 mater,
1272 2442 1306 2475 in
1332 2443 1481 2476 Domino.
