1655 2726
710 128 868 163 -221
929 149 969 153 -

172 222 226 253 15.
254 221 302 254 Te
327 223 369 254 ad
396 221 481 255 festa
507 224 727 264 pertransiens

255 269 415 303 Dolorose
439 271 641 313 perdiderat,

254 317 319 350 Sed
336 328 411 352 mox
429 320 472 352 ad
488 320 644 360 templum
663 320 792 353 veniens

256 366 421 400 Gaudiose
441 370 644 409 reppererat.

172 435 226 468 16.
253 435 300 467 Te
325 444 386 475 per
405 444 555 469 manuum
581 444 681 478 opera

253 482 400 517 Sollicite
424 485 585 517 nutrierat

255 532 300 564 Et
323 532 357 564 in
380 535 487 565 aetate
511 534 623 566 tenera

252 580 290 612 In
316 580 464 613 omnibus
487 582 688 622 providerat.

169 648 223 681 17.
251 648 298 680 Te
322 648 355 680 in
381 649 531 682 Iordanis
556 648 687 681 flumine

251 696 412 729 lohannes
440 697 666 738 baptizaverat

251 744 297 776 Et
321 748 354 777 te
381 754 575 786 cognoscens
600 746 729 778 nomine

251 792 361 835 Digito
389 794 676 829 demonstraverat.

169 948 224 981 21.
252 948 412 980 Lazarum
438 951 473 980 tu
499 957 570 980 cum
596 948 663 982 filio

251 996 393 1029 Orbatae
418 995 645 1037 suscitaveras‚

252 1044 397 1078 Puellam
425 1053 495 1076 cum
520 1045 669 1086 prodigio

248 1093 302 1125 Ad
329 1093 429 1125 vitam
454 1101 675 1126 revocaveras.

166 1162 222 1193 22.
245 1160 330 1200 Iesu,
360 1168 429 1192 cum
455 1159 680 1200 peccatoribus

248 1207 449 1248 Frequenter
474 1209 729 1241 manducaveras

250 1256 312 1289 His
338 1259 435 1297 atque
459 1256 698 1297 paenitentibus

249 1305 388 1338 Peccata
412 1306 629 1341 relaxaveraS.

164 1375 220 1407 23.
248 1374 345 1407 Cuius
371 1373 471 1415 pedes
499 1383 568 1406 cum
594 1373 737 1406 lacrimis

248 1422 420 1456 Peccatrix
444 1422 649 1464 irrigaverat,

249 1471 387 1503 Prorsus
415 1469 527 1503 dolens
554 1479 594 1504 ex
618 1470 739 1503 intimis

251 1518 387 1551 Veniam
409 1519 653 1559 impetraverat.

165 1588 220 1620 24.
249 1587 288 1619 111
314 1590 422 1619 monte
448 1587 556 1619 Tabor
580 1585 701 1620 deforis

248 1635 303 1667 Sic
326 1638 360 1666 te
383 1634 673 1677 transfiguraveras

247 1684 294 1716 Et
317 1683 450 1724 gloriosi
475 1684 620 1723 eorporis

250 1732 464 1774 Splendor-em
491 1732 728 1768 declaraveras.

166 1803 222 1834 25.
252 1799 331 1833 Cum
354 1800 471 1840 palmis
497 1810 592 1842 quam
619 1801 769 1834 celeriter

249 1850 288 1882 In
313 1848 427 1882 urbem
450 1851 484 1881 te
509 1850 740 1892 conduxerant,

248 1897 390 1939 Vespere
414 1899 471 1930 sed
499 1907 592 1940 quam
619 1900 758 1940 turpiter

244 1946 293 1979 Te
317 1956 454 1981 vacuum
479 1947 688 1988 reliquerant,

162 2093 220 2127 31.
247 2094 277 2125 A
303 2093 434 2127 Iudaeis
461 2093 636 2127 exhibitum

241 2142 391 2175 Herodes
417 2146 449 2175 te
473 2143 640 2188 inviserat,

243 2190 308 2224 Sed
334 2200 395 2231 per
422 2191 608 2232 despectum
635 2192 779 2225 habitum

245 2240 292 2274 Ut
317 2237 439 2273 fatuum
465 2240 645 2275 remiserat.

787 882 849 916 III.

780 2027 838 2062 IV.

852 2096 909 2128 33.

153 2309 210 2343 32.
237 2308 317 2341 Post
348 2308 430 2342 haee
461 2309 609 2342 indutum
634 2319 781 2352 purpura

240 2355 415 2391 Columnae
439 2359 676 2400 adligaverant,

241 2405 368 2439 Corona
392 2410 546 2448 punctum
572 2408 686 2449 spinea

237 2454 393 2497 Flagellis
421 2457 681 2490 verberaverant.

866 225 921 260 18.

865 439 920 472 19.

865 652 919 684 20.

864 951 919 984 26.

860 1163 915 1194 27.

858 1375 914 1408 28.

857 1589 913 1621 29.

856 1804 912 1836 30.

855 2311 911 2344 34.

948 225 996 257 Te
1021 226 1156 259 Satanas
1182 225 1308 258 astutiis

947 273 1089 307 Trifarie
1112 277 1337 314 temptaverat,

947 321 1011 354 Sed
1039 323 1106 355 eius
1132 326 1167 355 tu
1191 322 1343 355 versutiis

946 371 1128 404 Prudenter
1152 370 1353 403 obviaveras.

945 438 1019 471 Iesu
1044 440 1156 471 matris
1182 438 1311 471 oraculo

946 488 1072 527 Aquam
1097 488 1131 519 in
1155 487 1265 519 vinum
1288 488 1444 526 verteras,

945 534 983 567 In
1009 544 1071 576 quo
1097 538 1169 568 tuos
1194 535 1349 567 miraculo

946 583 1130 626 Discipulos
1155 582 1353 616 firmaveras.

946 650 992 683 Et
1016 649 1163 683 obsessos
1189 659 1283 691 quam
1308 649 1456 690 plurimis

948 698 1139 731 Salvaveras
1167 698 1374 731 daemonibus

947 749 997 779 Ac
1022 745 1165 780 infirmos
1191 756 1285 787 quam
1313 746 1410 779 variis

950 795 1131 828 Curaveras
1155 794 1375 836 languoribus.

948 949 1042 994 Cena,
1071 949 1153 993 Iesu,
1180 948 1354 981 novissima

946 998 1049 1030 Pedes
1072 999 1201 1029 tuorum
1224 998 1352 1030 laveras

945 1046 1094 1087 Escaque
1116 1045 1318 1078 nobilissima

944 1093 1022 1126 Cum
1048 1093 1202 1134 sanguine
1228 1093 1405 1126 cibaveraS.

944 1161 981 1192 In
1007 1162 1101 1194 horto
1129 1164 1236 1193 mente
1261 1160 1358 1192 anxia

944 1209 1104 1242 Prolixius
1129 1218 1281 1242 oraveras

941 1257 987 1290 Et
1011 1267 1125 1299 aquam
1150 1266 1230 1298 prae
1255 1256 1391 1289 tristitia

942 1305 1020 1338 Cum
1046 1306 1201 1347 sanguine
1225 1305 1410 1338 sudaverat.

941 1373 1085 1406 Ministri
1111 1377 1144 1406 te
1168 1372 1307 1406 malefici

940 1421 1122 1455 Crudeliter
1148 1425 1349 1455 vexaverant

941 1472 1049 1511 Atque
1072 1470 1188 1503 Annae
1210 1470 1358 1511 pontifici

939 1519 986 1552 Te
1010 1520 1145 1562 ligatum
1168 1519 1385 1552 adduxerant.

944 1587 1071 1620 Vultum
1098 1588 1248 1620 decorum
1279 1586 1424 1627 turpibus

940 1635 1051 1676 Sputis
1076 1637 1398 1677 commentaveram,

938 1685 1029 1718 Diris
1055 1694 1233 1726 pugnorum
1258 1684 1376 1717 ictibus

938 1734 1060 1767 Amare
1084 1734 1344 1767 vulneraverant.

939 1801 1066 1835 Dehinc
1091 1801 1188 1834 Pilati
1213 1800 1344 1834 sedibus

938 1850 1164 1883 Damnandum
1190 1853 1479 1890 praesentaverant

938 1900 1048 1940 Atque
1071 1902 1104 1931 te
1127 1898 1219 1932 falsis
1244 1898 1381 1931 testibus

938 1947 1061 1981 Dolose
1087 1951 1330 1981 accusaverant.

936 2094 983 2128 Te
1009 2093 1192 2127 confossum
1218 2094 1404 2127 vulneribus

935 2143 1058 2177 Milites
1084 2144 1363 2176 subsannaverant

936 2193 986 2225 Ac
1014 2191 1176 2233 Crucifiqe
1202 2191 1333 2224 vocibus

937 2241 1050 2275 Iudaei
1076 2241 1366 2274 conclamaverant.

938 2309 986 2342 Te
1011 2318 1101 2342 reum
1127 2309 1219 2350 quasi
1244 2310 1377 2344 sceleris

937 2358 1061 2392 Pilatus
1088 2359 1358 2392 condemnaverat

934 2407 979 2440 Et
1005 2407 1109 2439 crucis
1134 2407 1256 2449 lignum
1282 2409 1401 2442 umeris

934 2456 1080 2497 Propriis
1106 2456 1319 2493 baiulaveraS.
