1655 2726
614 117 874 154 -193—

84 210 191 245 1154.
208 213 497 248 Consummationis
522 224 612 248 meae

202 261 266 294 Die
292 263 437 304 cogitans
462 265 589 307 amod0‚

205 309 383 344 Consulere
408 311 495 344 vitae
520 322 594 345 reae

204 357 321 401 Sciam,
348 359 467 404 Maria,
494 362 664 402 quomodo.

352 457 451 490 Mem.

89 523 192 557 1155.
208 524 374 564 Quomodo
400 524 502 558 <lilexi
525 535 641 565 parum

204 572 262 613 Te,
291 573 407 613 Maria,
435 583 507 606 cum
533 573 611 615 filio,

203 621 287 654 Inde
313 622 456 654 reddens
483 631 538 655 cor
563 631 708 655 amarum

204 669 282 702 Mea
307 673 355 702 est
382 670 562 704 meditatio,

87 756 193 790 1156.
208 757 393 798 Meditatio‚
420 767 516 799 quam
542 759 583 790 de
606 760 641 789 te

205 805 321 839 Habeo
347 806 421 838 Iesu
443 805 605 848 laudibus,

206 854 331 887 Reddit
365 854 466 886 verba
488 854 611 887 Christi
635 854 721 886 laete

205 902 325 935 Dulcia
347 903 428 935 meis
451 901 609 937 faucibus.

82 989 188 1023 1157.
204 988 303 1021 Cibus
330 991 380 1021 est
405 988 610 1021 delectabilis

201 1037 289 1070 Laus
314 1039 371 1069 tua
393 1036 508 1069 fovens
532 1037 672 1078 interna,

201 1085 304 1118 Pctus
330 1084 560 1118 desiderabilis

200 1134 288 1175 Vita,
315 1134 429 1173 virtus,
456 1134 523 1176 lux,
551 1133 694 1166 lucerna.

352 1230 438 1265 Nun.

81 1299 186 1334 1158.
202 1298 353 1332 Lucerna
377 1298 457 1332 meis
481 1298 620 1339 pedibus

201 1348 252 1381 Sit
275 1348 365 1380 Iesus
391 1349 486 1380 natus
512 1356 572 1387 pro
597 1346 662 1379 reis

201 1396 291 1438 Tuis,
318 1396 435 1436 Maria,
461 1395 613 1436 precibus

200 1444 248 1478 Et
269 1445 377 1477 lumen
403 1444 527 1476 semitis
552 1444 642 1479 meis,

82 1534 188 1567 1159.
204 1532 301 1575 Meis,
326 1532 411 1572 proh
439 1531 541 1572 dolor,
569 1530 691 1564 semitis

200 1581 247 1614 Et
270 1581 402 1621 laqueos
430 1581 461 1612 et
487 1579 628 1620 timores,

199 1629 244 1664 Ut
269 1638 410 1671 ponerer
433 1629 466 1661 in
493 1628 625 1671 abditis,

200 1679 383 1712 Posuerunt
406 1680 604 1718 peccatores.

79 1766 183 1801 1160,
200 1767 280 1800 Ores
305 1766 476 1806 inst-anter,
503 1765 619 1809 Maria,

201 1814 248 1848 Ut
272 1824 324 1847 me
350 1817 459 1846 servet
483 1817 514 1846 et
539 1815 659 1847 amicos

199 1864 289 1896 Iesus
317 1863 465 1896 Christus
491 1863 524 1895 in
552 1862 612 1896 hac
636 1863 698 1904 via,

200 1912 251 1944 Ne
276 1920 406 1944 ruamus
431 1920 492 1952 per
515 1911 652 1952 iniquos.

321 1999 466 2033 Samech.

78 2071 183 2106 1161.
197 2069 330 2111 Iniquos
356 2071 447 2102 actus
472 2068 548 2102 odio

197 2118 309 2151 Habui
332 2118 466 2150 nimium
491 2126 575 2158 sero,

197 2167 274 2212 Sed,
300 2167 403 2209 virgo,
430 2176 539 2199 coram
563 2165 632 2199 filio

196 2216 329 2249 Adinva
351 2224 413 2256 me,
439 2215 549 2248 salvus
577 2224 642 2249 ero.

75 2306 181 2341 1162.
196 2304 265 2338 Ero
291 2304 399 2337 adhue
419 2304 470 2336 vir
494 2303 636 2347 inclitus,

197 2353 233 2386 Si
257 2353 337 2386 mihi
361 2353 409 2386 vis
434 2361 529 2394 opem
553 2351 652 2394 ferre,

196 2403 317 2445 Mater,
346 2401 396 2435 cui
423 2402 503 2435 dant
525 2401 650 2435 reditus

195 2452 313 2486 Omnes
339 2454 527 2491 peccatores
552 2454 670 2484 terrae.

130 2515 262 2539 Dreves.
280 2511 403 2536 Psaltena
419 2510 577 2541 Rhythmicaf
609 2511 643 2535 11.

790 218 891 252 1163.
906 215 1059 249 Terrenis
1084 217 1179 248 nimis
1205 214 1349 254 adhaesi,

905 265 984 298 Ideo
1010 273 1124 306 parum
1149 261 1284 305 profeci,

905 312 1024 357 Verbo,
1053 313 1137 346 velle
1162 311 1278 344 multos
1303 310 1393 353 laesi,

904 362 943 395 In
969 361 1057 394 horis
1083 369 1208 403 quoque
1233 358 1349 392 defeci.

1059 459 1135 491 Ain.

783 526 888 561 1164.
902 526 980 558 Feci
1005 527 1124 558 malum
1149 525 1314 564 iudicium,

901 574 951 607 De
976 574 1123 615 personis
1148 573 1313 606 fictionum

902 623 966 656 Sed
994 622 1116 655 conieci
1141 622 1313 662 eloquium,

899 670 969 703 Fac
985 679 1114 703 servum
1130 672 1220 702 tuum
1236 669 1270 701 in
1283 669 1413 701 bonum.

781 757 886 790 1165.
901 758 1036 800 Bonum,
1062 766 1189 797 precor,
1214 755 1337 788 imitari

899 806 1018 839 Fatum
1036 804 1090 838 fac
1104 814 1164 848 me,
1183 803 1256 837 fons
1274 804 1408 845 gratiae,

900 854 1025 887 Malum
1047 854 1083 886 in
1105 854 1225 886 bonum
1250 852 1399 894 scrutari,

900 902 1073 943 Eloquium
1098 901 1250 934 iustitiae.

785 988 888 1022 1166.
903 989 1064 1028 Iustitiae,
1090 988 1238 1021 veritatis

897 1036 1023 1077 Lingua
1046 1036 1209 1069 subtrahit
1231 1038 1358 1077 merita,

898 1084 964 1118 Sed
989 1094 1025 1117 os
1050 1085 1281 1118 taciturnitatis

894 1132 956 1174 Da,
982 1133 1099 1175 Maria,
1125 1142 1198 1165 cum
1222 1134 1334 1175 gloria,

778 1220 880 1254 1167.
901 1218 1014 1253 Gloria
1038 1223 1092 1252 tuo
1118 1219 1196 1260 filio,

895 1268 1027 1302 Veritas
1055 1271 1088 1300 et
1110 1269 1275 1309 iudicium,

894 1316 939 1349 Et
963 1317 1023 1350 tibi
1049 1317 1120 1349 laus
1145 1326 1215 1350 cum
1242 1317 1370 1357 gaudio,

894 1366 983 1406 Quae
1007 1365 1171 1398 misereris
1196 1366 1348 1398 omnium.

1050 1463 1128 1496 Phe.

775 1532 879 1566 1168.
894 1531 1062 1565 Mirabilia
1088 1532 1246 1564 exsistunt

894 1580 945 1613 De
970 1585 1002 1612 te
1029 1581 1117 1613 dicta
1141 1581 1174 1612 in
1200 1580 1340 1621 populis,

894 1629 958 1661 Per
966 1631 1009 1670 te,
1021 1637 1083 1669 qua
1093 1631 1208 1661 cuncta
1217 1628 1406 1669 subsistunt,

893 1677 1098 1711 Intellectum
1126 1678 1167 1709 da
1191 1677 1347 1718 parvulis.

776 1766 879 1799 1169.
895 1764 1043 1798 parvulis
1068 1763 1164 1798 factis
1190 1765 1305 1797 devote

895 1812 1049 1856 Offerens,
1076 1814 1177 1855 virgo,
1204 1813 1387 1855 Dominum,

893 1861 1031 1894 Redime
1054 1871 1106 1894 me
1130 1862 1264 1895 obsecro
1290 1865 1323 1894 te

893 1914 923 1943 A
950 1911 1117 1944 calumniis
1143 1910 1315 1944 hominum.

775 1999 878 2033 1170.
893 1997 1066 2031 Hominum
1092 1998 1209 2039 linguis
1234 1998 1336 2040 igneis

895 2046 976 2089 Scis,
1004 2046 1123 2090 Maria,
1150 2056 1220 2079 sum
1247 2051 1388 2089 exustuS‚

893 2095 973 2129 Cum
998 2096 1118 2136 regulis
1143 2095 1269 2129 idoneis

892 2144 1049 2178 Vacarem
1073 2144 1151 2177 licet
1174 2144 1321 2177 iniustus.

1040 2231 1134 2265 Sade.

771 2302 876 2337 1171.
891 2302 1000 2336 Iustus
1025 2309 1159 2334 manens
1183 2300 1216 2332 in
1238 2302 1405 2334 aeternum

891 2351 943 2385 Da
967 2359 1027 2392 per
1052 2349 1165 2382 matris
1190 2348 1386 2394 suffragium,

889 2400 938 2434 Ut
960 2408 1025 2433 non
1052 2399 1108 2432 det
1130 2408 1184 2431 me
1207 2399 1385 2433 tortoribus

888 2449 1024 2484 Rectum
1049 2451 1139 2481 tuum
1162 2447 1329 2483 iudicium.

1194 2503 1231 2535 13
