1655 2726
746 135 1006 170 —200—

212 235 316 269 1272.
329 235 392 267 Dei
418 234 487 266 veri
510 235 701 265 venerantes
901 232 1006 265 1273.
1021 230 1167 263 Gloriam
1191 230 1263 270 tibi,
1288 228 1408 268 Maria,

329 283 393 315 Per
417 284 451 313 te
474 284 615 313 sanctam
644 280 822 320 ecclesiam,
1021 277 1131 310 Debeo
1157 286 1284 318 semper
1309 275 1435 315 offen-e,

331 330 401 362 Sibi
426 332 522 370 atque
546 329 605 361 tibi
632 327 744 360 dantes
1021 326 1097 358 Mea
1123 325 1261 369 ductrix,
1287 332 1361 357 mea
1387 323 1449 363 via,

329 378 375 410 Et
398 377 550 409 honorem
576 381 607 409 et
631 376 776 416 gloriam.
1025 372 1121 406 Cuius
1146 373 1216 405 laus
1242 374 1276 405 in
1296 370 1376 403 fines
1401 374 1517 403 terrae.

794 479 976 513 CXXXIV.

216 561 318 594 1274.
333 559 481 593 Laudato
505 568 620 591 nomen
646 558 791 598 virginis,
906 556 1011 588 1277.
1025 553 1179 594 Prodigia
1204 561 1332 595 semper
1356 553 1472 593 pandit

335 608 437 640 Labia
462 616 533 639 mea
557 606 717 647 protinus,
1026 603 1059 636 Is
1084 601 1172 634 Deus
1197 603 1231 634 in
1257 601 1359 635 servis
1385 602 1460 643 tuis,

337 657 401 689 Per
426 664 519 696 quam
546 656 684 687 animam
710 654 847 686 hominis
1026 650 1087 691 Qui
1100 659 1160 690 per
1169 650 1279 682 orbem
1289 649 1376 683 hunc
1386 650 1543 691 expandit

335 704 446 744 Elegit
468 703 530 735 sibi
555 702 723 736 Dominus,
1027 699 1149 732 Ventos
1176 699 1217 731 de
1241 699 1401 731 thesauris
1427 699 1503 734 suis.

219 781 503 816 1275.D0minus,
530 781 583 821 qui
608 788 700 819 reges
727 780 819 820 regit,
907 777 1011 812 1278.
1027 776 1099 810 Suis
1126 777 1230 809 ventis
1255 777 1289 809 in
1314 785 1366 808 me
1390 777 1512 808 laesum

335 830 413 868 Dat,
438 829 555 869 Maria,
582 836 654 860 reos
679 827 739 859 tibi
1026 825 1145 858 Mortis
1170 824 1311 865 perflare
1337 828 1512 866 consortes,

334 878 379 910 Et
403 886 462 917 per
487 881 520 908 te
545 877 662 908 multos
689 876 786 916 elegit
1026 874 1112 914 Quos
1137 873 1326 916 confregisti
1348 882 1407 913 per
1423 874 1541 913 Iesum,

335 927 374 959 In
401 925 632 966 possessionem
657 923 730 958 sibi.
1027 921 1088 963 Qui
1114 922 1234 954 occidit
1259 930 1352 961 reges
1378 920 1490 953 fortes.

218 1006 320 1038 1276.
336 1003 405 1036 Sibi
431 1011 555 1042 quoque
573 1001 626 1034 fac
642 1010 694 1032 me
711 1005 848 1042 gratum,
911 1000 1014 1034 1279.
1030 1000 1145 1032 Fortes
1170 998 1252 1031 fiunt
1275 1000 1307 1031 in
1335 999 1399 1030 vim
1424 999 1527 1031 hostis

335 1051 454 1091 Maria,
481 1059 555 1090 spes
580 1050 732 1091 propitia,
1024 1047 1205 1081 Psallentes
1231 1050 1285 1080 tuo
1313 1047 1451 1088 nomini3

335 1101 422 1140 Quae
443 1107 502 1139 per
517 1099 623 1139 ipsum
640 1096 721 1129 facis
740 1100 848 1129 natum
1029 1096 1088 1135 Qui
1114 1096 1265 1128 virtutem
1291 1095 1358 1127 eius
1384 1096 1497 1136 nostis,

336 1148 433 1189 Signa
458 1150 554 1187 atque
578 1146 736 1186 prodigia.
1028 1143 1154 1176 Mariae
1180 1143 1386 1176 confitemini.

796 1241 961 1275 CXXXV.

217 1322 322 1355 1280.
339 1319 541 1353 Confitemini
565 1318 702 1351 Domino
909 1317 1012 1351 1283.
1027 1317 1098 1357 Rei,
1126 1317 1180 1358 qui
1205 1320 1260 1350 tuo
1285 1317 1407 1349 nomini

333 1369 378 1401 Et
403 1368 550 1399 dominae
576 1376 646 1398 cum
672 1365 795 1406 effectu,
1025 1367 1147 1397 Astant
1169 1374 1229 1406 per
1252 1366 1454 1398 devotionem

337 1417 397 1456 Qui
422 1416 563 1448 lustrant
587 1416 656 1447 sine
680 1415 817 1446 termino
1025 1413 1199 1446 Solvantur
1222 1423 1319 1446 manu
1345 1414 1485 1454 Domini,

337 1466 453 1498 Omnes
479 1464 586 1496 caelos
610 1463 787 1495 intellectu.
1027 1461 1088 1501 Qui
1113 1463 1254 1494 excussit
1275 1462 1488 1498 Pharaonem.

219 1544 321 1576 1281.
336 1541 508 1574 Intellecta
532 1541 613 1572 miro
640 1540 764 1571 clarens
908 1539 1011 1572 1284.
1028 1539 1227 1571 Pharaonem
1254 1543 1287 1572 et
1310 1540 1495 1581 Aegyptum

338 1591 410 1623 Lux
435 1597 532 1628 super
556 1587 737 1627 luminaria⁷
1026 1587 1130 1620 Israel
1155 1589 1288 1620 tradens
1314 1589 1426 1621 amicis

336 1639 423 1670 Mira
451 1636 542 1676 facis,
568 1639 679 1668 sancta
703 1645 831 1676 parens,
1027 1637 1543 1679 Pertenos‚utscimusscriptum‚

336 1686 380 1719 Et
404 1694 520 1725 magna
544 1684 716 1718 mirabilia.
1026 1684 1172 1716 Redimit
1195 1685 1236 1717 ab
1259 1686 1409 1719 inimicis.

217 1764 321 1797 1282.
339 1762 507 1796 Mirabilia
531 1761 685 1802 ostendiS‚
909 1760 1011 1794 1285.
1029 1761 1172 1794 Inimicis
1199 1762 1406 1794 circumdatis

334 1812 373 1844 In
398 1814 589 1852 potestatem
617 1809 681 1842 diei
1026 1809 1176 1851 Subveni‚
1203 1820 1319 1853 magna
1345 1812 1484 1852 domina,

332 1860 375 1892 Et
402 1859 509 1891 clarae
532 1859 614 1890 lucis
638 1857 780 1889 intendis
1024 1858 1183 1890 Miserere
1207 1861 1403 1900 perismatis,

333 1908 368 1940 In
397 1907 622 1940 obscuritatem
647 1906 704 1938 rei.
1019 1906 1160 1938 Proiecti
1185 1916 1283 1947 super
1307 1906 1449 1944 flumina.

775 2001 956 2034 CXXXVI.

218 2082 321 2116 1286,
340 2081 444 2122 Super
468 2079 600 2113 flumina
624 2079 767 2112 sedentis
909 2080 1010 2114 1288
1024 2080 1141 2112 Aliena
1167 2080 1205 2113 fit
1228 2091 1318 2115 mens
1346 2082 1474 2117 Christo

334 2129 484 2161 Ploratus
511 2132 540 2160 et
567 2129 732 2169 angustiae
1024 2128 1070 2160 Et
1094 2137 1210 2169 expers
1236 2131 1345 2171 gaudii
1370 2133 1431 2172 sui,

331 2178 505 2217 Memento,
532 2180 565 2208 te
590 2176 793 2217 requirentiS‚
1022 2177 1143 2209 Hanc'
1133 2187 1167 2209 in
1183 2180 1303 2212 mundo
1317 2181 1454 2220 perdam
1467 2183 1542 2223 isto,

329 2226 446 2265 Maria,
474 2225 545 2257 fons
570 2225 723 2257 laetitiae.
1024 2225 1057 2257 Si
1083 2235 1146 2258 non
1171 2229 1346 2261 meminero
1372 2230 1431 2263 tui

214 2303 491 2337 1287.Laetitiae
514 2303 671 2343 spiritalis
906 2302 1009 2336 1289.
1024 2303 1084 2335 Tui
1113 2312 1188 2344 elgo
1214 2305 1402 2339 memoriam

330 2352 479 2393 Auctrix,
496 2353 631 2392 cantrix,
646 2351 736 2391 pacis
751 2359 841 2388 vena.
1018 2351 1113 2383 Mens
1137 2352 1257 2385 habeat
1284 2363 1413 2395 semper
1436 2366 1520 2400 mea,

331 2400 418 2442 Tege
442 2409 569 2441 semper
593 2399 657 2432 tuis
683 2399 743 2431 alis
1020 2399 1065 2432 Et
1088 2403 1134 2440 tu,
1160 2401 1278 2444 Maria,
1304 2404 1443 2444 gratiam

330 2448 397 2481 Nos
422 2449 455 2481 in
479 2451 567 2481 terra
590 2450 704 2481 aliena.
1020 2448 1090 2481 Fac
1114 2426 1359 2484 fundamentum
1383 2453 1419 2485 in
1445 2462 1494 2486 ea
