1655 2726
755 133 919 168 -146
972 153 1016 158 ——

222 231 300 263 296.
319 230 473 263 Culminis
500 232 653 263 cultorem
680 230 726 262 tui

318 278 365 311 Ob
389 278 459 320 hoc,
483 282 597 319 mater,
623 288 673 311 me
690 287 855 320 praepone

316 327 370 369 Et,
398 335 439 359 ne
464 327 533 358 vita
558 336 670 359 cernar
695 326 756 369 rui,

314 374 371 407 Me
394 373 485 407 iuxta
510 377 542 407 te
567 384 695 415 semper
719 384 812 414 pone.

223 452 407 485 297.Pone
423 452 482 484 sub
497 461 560 493 me,
586 454 698 494 mater,
716 461 854 493 manum,

319 500 373 540 Ut,
392 500 421 531 si
439 501 561 541 cadam,
580 510 643 532 non
662 501 721 532 sim
738 500 854 543 laesus,

323 548 370 581 Ob
391 548 519 589 lapsum
545 549 626 581 enim
653 549 822 581 humanum

319 596 367 628 Te
389 599 454 628 tam
480 600 603 637 gratam
628 595 706 629 fecit
729 597 830 630 Iesus.

228 673 306 705 298.
323 673 424 715 Iesus,
450 674 590 706 salvator
614 673 744 714 saeculi,

321 721 464 760 Reliquit
488 722 563 754 illos
589 722 630 753 ad
655 723 795 763 plenum,

323 769 383 808 Qui
407 770 454 801 tui
478 778 541 802 non
567 771 642 801 sunt
665 769 777 802 famuli

322 816 365 849 Et
392 821 541 850 arescunt
565 818 646 849 sicut
670 817 807 849 foenum.

914 232 995 265 299.
1011 230 1153 262 Foenum
1182 225 1286 259 factus
1311 234 1354 257 ne
1377 233 1520 256 arescam

1008 280 1053 313 Et
1079 276 1225 309 deeidam
1250 276 1287 306 ut
1311 274 1403 305 olera.

1010 328 1093 360 Prae
1118 324 1268 364 vitiisque
1294 321 1457 360 vilescam,

1010 375 1062 407 Da
1085 373 1164 406 mihi
1189 374 1247 404 tua
1268 370 1381 403 ubera.

915 453 995 486 2300.
1014 452 1131 493 Ubera,
1160 452 1197 481 ut
1218 450 1267 481 ita
1292 447 1406 486 dicam,

1009 502 1096 540 Quae
1121 501 1238 536 sugunt
1262 497 1363 528 bonus
1381 497 1415 525 et
1432 494 1545 525 malus.

1011 548 1057 581 Ut
1080 548 1158 580 indc
1180 549 1212 577 te
1237 545 1437 583 benedicam,

1010 595 1126 636 Maria,
1153 594 1323 626 multorum
1350 591 1447 625 salus.

917 672 996 706 301.
1012 672 1105 705 Salus
1131 671 1287 712 siquidem
1313 670 1468 702 iustorum

1010 721 1040 753 A
1066 723 1121 752 tua
1145 720 1256 760 prodit
1280 719 1393 759 gratia,

1012 769 1094 809 Lux,
1121 768 1278 808 protectio
1305 775 1424 805 eorum,

1012 817 1091 858 Pax,
1118 815 1268 857 gaudium
1293 817 1325 846 et
1349 813 1461 855 gloria.

572 895 652 927 302.
669 893 781 926 Gloria
804 893 865 925 tibi
889 894 1006 934 iugiter

664 942 716 974 Ab
744 942 839 982 omni,
865 940 964 982 Deus,
990 942 1127 982 homine,

666 989 841 1031 Gloriaque
865 990 909 1022 sit
932 990 1056 1029 pariter

667 1037 803 1078 Mariae,
830 1040 960 1069 nostrae
986 1037 1144 1070 dominae.

803 1123 973 1156 XXXVII.

223 1192 304 1225 303.
323 1191 470 1231 Domine,
496 1200 537 1223 ne
564 1192 619 1223 des
643 1200 695 1223 me
719 1192 841 1231 poenis,

325 1239 402 1272 Cum
420 1239 513 1271 iustis
531 1239 649 1272 reddas
667 1240 858 1278 mercedem,

320 1286 476 1320 Precibus
502 1288 625 1327 gratiae
650 1287 754 1328 plenis

320 1335 367 1367 Te
391 1338 494 1367 mater
518 1336 626 1376 placet
648 1335 809 1368 heredem.

225 1413 304 1446 304.
324 1412 486 1444 Heredem
510 1412 622 1444 mortis
648 1415 796 1444 aeternae

323 1460 459 1492 Secutae
483 1464 557 1491 sunt
581 1460 694 1499 plebes
719 1468 803 1499 reae,

321 1508 396 1551 Sed,
424 1516 498 1548 spes
522 1508 609 1540 vitae
633 1507 856 1551 sempiternae,

325 1556 405 1588 Esto
433 1557 560 1588 ductrix
585 1556 671 1588 vitae
695 1564 794 1589 meae.

226 1633 308 1667 305.
322 1632 417 1665 Meae
440 1633 505 1664 iam
530 1635 626 1672 eaput
651 1633 775 1665 animae

325 1680 540 1721 Supergressa
564 1682 639 1713 sunt
662 1681 797 1721 scelera,

322 1727 442 1768 Meque
466 1731 616 1768 premunt
641 1728 826 1770 gravissime

324 1776 497 1816 Culparum
521 1786 621 1809 nexus
647 1785 754 1812 onera.

227 1854 306 1888 306.
323 1854 429 1886 Onera
454 1862 530 1886 vero
555 1853 641 1886 levia

320 1902 482 1934 Virtutum
507 1911 611 1942 pauca
634 1901 773 1946 perfero,

321 1949 397 1989 Sed,
424 1950 541 1991 Maria,
567 1950 685 1982 allevia

320 1999 420 2031 Omne
444 1999 570 2038 pondus
596 1999 631 2030 in
656 1998 783 2032 misero.

227 2077 305 2110 307.
319 2075 504 2115 Miseroque
526 2075 621 2107 nimis
643 2074 729 2107 facto

320 2125 454 2157 Praesto
479 2123 534 2167 sis,
567 2132 640 2163 spes
663 2124 856 2168 orbatorum,

321 2172 366 2205 Et
392 2175 484 2204 extra
508 2180 634 2204 sensum
660 2172 791 2205 redacto

322 2220 437 2253 Redde
461 2221 567 2252 lumen
594 2221 765 2253 oculorum.

226 2298 305 2332 308.
321 2298 492 2331 Oculorum
516 2301 641 2338 gratum
666 2298 783 2341 lumen,

320 2347 411 2387 Quod
436 2347 600 2378 intuentur
625 2345 718 2388 oculi,

322 2395 424 2429 Verae
448 2394 528 2427 lucis
553 2394 645 2427 mitte
670 2403 795 2437 numen,

319 2444 538 2477 Illuminatrix
563 2443 691 2477 saeculi.

917 1191 995 1225 309.
1013 1190 1139 1223 Saeculi
1164 1191 1291 1231 quidem
1317 1190 1411 1223 amici

1011 1238 1068 1271 Me
1091 1243 1283 1279 spreverunt
1307 1239 1507 1278 tribulatum,

1011 1286 1076 1319 Sed
1100 1287 1187 1319 socia
1211 1291 1243 1319 te
1268 1286 1367 1328 felici,

1011 1334 1166 1367 Laetifica
1191 1335 1377 1368 desolatum.

917 1413 996 1446 310.
1011 1412 1127 1445 Latum
1153 1413 1282 1446 mittens
1308 1423 1421 1446 munus
1444 1418 1534 1446 tuum

1012 1461 1172 1494 Monacho
1201 1462 1415 1502 Cistereiensi,

1009 1510 1095 1543 Huic
1119 1509 1268 1542 nuntians
1295 1509 1389 1543 finem
1415 1520 1518 1551 suum,

1010 1559 1154 1591 Luminis
1177 1558 1275 1591 latrix
1299 1559 1456 1592 immensi.

917 1637 995 1670 311.
1009 1636 1160 1669 Immensi
1183 1637 1305 1677 signum
1332 1637 1449 1669 amoris

1010 1684 1134 1717 Iacenti
1159 1693 1256 1725 super
1278 1685 1431 1717 lectulum

1011 1733 1199 1773 Ostendisti,
1226 1732 1298 1766 fons
1322 1734 1473 1775 dulcoriS,

1011 1781 1127 1821 Maria,
1155 1781 1235 1814 dans
1259 1782 1334 1814 huic
1359 1784 1512 1817 osculum.

917 1857 996 1891 312.
1013 1859 1173 1901 Osculum,
1199 1860 1317 1901 Maria,
1342 1860 1449 1893 laudis

1011 1906 1085 1938 Tibi
1111 1907 1209 1940 dabat
1232 1909 1443 1951 incessanter,

1013 1954 1157 1988 Carnalis
1183 1966 1305 1989 venena
1332 1957 1456 1991 fraudis

1009 2003 1182 2037 Detestans
1207 2015 1267 2046 per
1292 2009 1325 2038 te
1351 2011 1547 2042 constanter.

917 2080 995 2115 313.
1014 2080 1204 2115 constanter
1228 2087 1305 2116 tunc
1329 2085 1357 2117 is
1380 2086 1523 2118 retinens

1011 2128 1068 2169 Te,
1094 2131 1211 2176 Maria,
1237 2134 1402 2174 memoria,

1010 2178 1073 2210 Per
1097 2182 1131 2211 te
1154 2180 1262 2213 Iesum
1285 2182 1349 2215 iam
1376 2182 1525 2216 obtinens

1012 2226 1102 2260 Caeli
1125 2227 1245 2262 fruitur
1269 2231 1382 2271 gloria.

917 2303 996 2337 314.
1012 2304 1125 2339 Gloria
1148 2316 1229 2352 mea,
1255 2309 1373 2351 Maria,

1009 2354 1203 2388 Psalterium
1230 2360 1263 2389 et
1287 2359 1449 2398 gaudium,

1009 2401 1060 2434 Sis
1087 2404 1129 2435 ad
1153 2405 1260 2437 Iesum
1286 2407 1365 2438 mihi
1389 2407 1443 2439 via

1009 2451 1073 2483 Per
1097 2452 1190 2484 istius
1216 2453 1413 2495 suffragium.
