1655 2726
295 230 326 263 8.
359 230 437 274 Ave,
465 230 555 270 virgo

404 279 556 311 virtutem
582 278 736 318 retinens,

355 325 438 359 Toto
465 326 563 358 corde

402 373 539 407 Domino
566 373 731 414 confitens,

356 421 516 463 Suscipiat

402 480 459 503 nos
486 472 688 511 congregatio

354 518 528 551 Beatorum

404 569 457 599 tuo
483 567 613 600 auxilio,

293 645 323 678 9.
351 645 437 686 Avo,
466 644 564 686 virgo,

403 700 484 732 quae
506 692 599 723 times
623 691 794 724 Dominum

355 739 401 771 Et
426 740 532 780 diligis

402 796 481 828 prae
505 787 589 818 natis
614 788 787 827 hominum,

353 835 421 867 Fac
445 844 503 867 nos
530 835 597 866 eius

398 884 551 915 mandata
576 891 693 925 cupere

355 931 399 963 Et
425 931 598 963 secundum

405 980 516 1012 eadem
544 979 661 1011 vivere.

270 1057 324 1090 10.
351 1057 437 1096 Ave,
463 1056 562 1096 virgo,

402 1114 495 1145 quam
520 1104 655 1137 laudant,
678 1104 780 1146 pueri,

356 1151 428 1184 Non
453 1152 544 1184 Evae

400 1200 522 1232 malitia
552 1200 653 1231 teneri

351 1248 395 1280 Et
421 1248 547 1280 omnino

399 1296 568 1328 mundatos
595 1296 761 1328 criminum

352 1343 419 1376 Fac
443 1353 501 1376 nos
528 1344 608 1376 caeli

402 1392 535 1424 laudare
559 1391 739 1425 Dominum.

272 1469 326 1502 11.
352 1469 433 1511 Ave,
460 1468 559 1511 virgo,

401 1517 489 1549 cuius
515 1516 687 1557 antiquitas

351 1564 402 1597 Ex
426 1564 530 1597 Israel

399 1612 462 1645 fuit
486 1613 674 1654 paternitas,

353 1660 404 1693 Ab
431 1661 558 1693 homine

400 1710 484 1741 malo
509 1717 567 1740 nos
592 1708 697 1741 libera

351 1757 394 1789 Et
420 1757 508 1797 eripe

404 1806 443 1838 de
467 1804 565 1846 plebe
590 1804 737 1838 barbara.

269 1884 324 1917 12.
352 1883 432 1923 Ave,
458 1882 547 1922 virgo

400 1931 536 1972 diligens
561 1929 741 1968 Dominum,

349 1979 426 2012 Plus
453 1978 597 2011 omnibus

398 2027 473 2060 filiis
497 2027 670 2068 hominum,

349 2075 394 2108 Et
417 2077 450 2108 in
476 2076 579 2108 Deum

398 2127 453 2156 tua
479 2123 608 2156 dilectio

351 2171 491 2204 Nostrae
514 2171 601 2204 vocis

399 2224 446 2253 cst
472 2220 644 2254 exauditio.

272 2299 323 2333 13.
347 2298 427 2338 Ave,
453 2298 555 2340 virgo,

401 2350 433 2379 et
458 2356 529 2379 cum
550 2347 715 2388 pepereris

349 2395 464 2436 Deum,
492 2396 532 2427 de
556 2405 617 2436 quo

400 2444 517 2488 credis,
545 2445 629 2485 quod
654 2443 805 2488 loqueris,

899 129 919 166 5

923 130 945 165 2

1047 227 1189 269 Spiritus
1213 229 1342 259 nostros

1094 283 1221 315 semper
1246 273 1385 306 humilia

1046 323 1091 356 Et
1115 332 1274 365 pauperes

1095 372 1157 404 duc
1181 371 1223 403 ad
1249 369 1410 403 sublimia.

964 451 1019 484 14.
1045 450 1127 491 Ave,
1153 447 1254 489 virgo,

1094 505 1174 538 quae
1198 496 1312 528 laudas
1337 494 1523 534 Dominum,

1047 546 1144 580 Cuius
1168 545 1281 577 laudes

1094 603 1155 626 non
1181 593 1303 626 habent
1327 592 1509 635 terminum,

1047 641 1218 675 Confirmet
1243 650 1300 673 nos
1327 640 1393 672 eius

1093 689 1323 730 misericordia,

1045 739 1121 771 Pius
1147 739 1201 778 qui
1227 740 1275 770 est

1095 795 1169 819 vere
1192 795 1251 827 per
1275 786 1414 819 saecula.

964 864 1020 897 15.
1045 865 1125 906 Ave,
1152 863 1252 904 virgo,

1093 912 1180 943 cuius
1204 911 1339 943 ecclesia

1045 959 1221 993 Confitetur

1090 1008 1322 1048 misericordia,

1044 1056 1208 1089 Infidelem

1092 1106 1228 1137 retunde
1250 1104 1413 1147 populum,

1044 1152 1177 1186 Custodi
1202 1162 1259 1185 nos

1089 1210 1188 1241 usque
1212 1202 1245 1233 in
1271 1202 1443 1235 saeculum.

962 1278 1018 1313 16.
1043 1279 1124 1319 Ave,
1153 1287 1264 1311 carens

1091 1328 1214 1367 peccati
1239 1327 1367 1359 macula

1041 1375 1085 1408 Et
1110 1374 1206 1408 beata

1088 1431 1147 1463 per
1172 1427 1285 1456 cuncta
1310 1425 1450 1466 saecula,

1041 1472 1120 1511 Fac,
1145 1473 1183 1504 ut
1205 1472 1238 1503 in
1264 1473 1335 1513 lege

1089 1519 1151 1551 Dei
1177 1523 1209 1552 et
1229 1520 1264 1552 in
1288 1521 1341 1553 via

1040 1567 1250 1600 Ambulemus

1088 1618 1118 1647 et
1143 1625 1204 1649 non
1231 1626 1291 1661 per
1317 1618 1405 1652 vitia.

958 1692 1013 1727 17.
1038 1693 1119 1734 Ave,
1147 1693 1246 1736 virgo,
1267 1704 1349 1736 quae

1088 1750 1216 1782 semper
1242 1744 1284 1776 ad
1301 1743 1473 1779 Dominum

1040 1788 1209 1823 Vociferas

1088 1847 1147 1878 pro
1175 1840 1278 1880 culpis
1303 1841 1477 1886 hominum,

1039 1886 1160 1919 Libera
1185 1898 1242 1920 nos
1267 1898 1286 1921 a

1087 1935 1360 1980 tribulationibus,

1040 1983 1127 2023 Quae
1153 1994 1288 2025 parcere

1085 2032 1171 2064 nosti
1194 2035 1414 2074 peccantibus.

958 2108 1012 2143 18.
1039 2110 1120 2151 Ave,
1146 2111 1247 2154 virgo,

1086 2158 1191 2193 nitens
1216 2162 1289 2202 plus
1315 2172 1410 2204 quam
1435 2176 1519 2212 rosa,

1043 2206 1126 2245 Sole,
1153 2208 1231 2242 luna

1091 2265 1172 2295 quae
1196 2258 1269 2299 plus
1293 2262 1449 2303 speciosa,

1042 2301 1144 2336 Eleva
1166 2315 1223 2338 nos

1091 2352 1133 2384 ad
1158 2362 1313 2389 summurn
1338 2361 1505 2404 montium,

1040 2399 1136 2433 Unde
1158 2403 1250 2437 nobis

1089 2450 1178 2483 venit
1202 2454 1367 2491 auxilium,
