1655 2726
764 166 806 171 -
861 144 1025 181 194-

233 244 335 277 1172.
350 243 519 285 Iudicium,
545 245 647 274 mater
671 241 744 278 Dei,
921 242 1024 274 1179.
1041 240 1203 273 Caverunt
1227 238 1289 271 sibi
1315 247 1335 269 a
1356 237 1461 276 malm,

351 291 479 324 Iustitia
503 290 535 322 in
561 293 727 321 aeternum
1041 288 1100 327 Qui
1128 286 1257 320 fuerunt
1282 284 1460 329 participes

352 339 526 371 Convertas
552 337 610 376 sic,
636 345 677 368 ne
704 346 762 368 nos
788 337 835 368 rei
1041 335 1174 368 Gratiae
1199 339 1273 366 tuae
1297 332 1406 365 vitalis

352 386 557 418 Deducamur
581 385 615 417 in
639 384 812 417 infernum.
1041 384 1103 415 Per
1112 379 1552 420 hanevincentesprincipes.

233 474 334 507 1173.
349 474 387 506 In
414 471 575 505 infernum
602 472 719 504 dantur
745 479 848 512 reges,
1199 468 1266 500 Sin.

347 522 486 561 Quorum
512 524 585 552 acta
609 523 686 551 sunt
711 518 859 559 profana,

348 569 409 608 En,
444 571 582 609 pereunt
606 571 736 600 sanctae
760 568 859 607 iegeS,

350 617 413 649 Sed
447 617 488 648 ad
514 618 621 650 1esum
645 615 722 648 inde
748 616 858 647 clama.

920 537 1024 570 1180.
1039 535 1208 575 Principes
1235 544 1285 566 me
1310 535 1473 574 persecuti

1040 584 1131 623 Sunt,
1140 591 1209 615 cum
1217 583 1308 623 sequi
1314 582 1430 614 vellem
1439 581 1552 623 Deum,

1039 632 1150 664 Armis
1174 631 1288 663 mundi
1313 634 1389 663 sunt
1412 630 1528 669 induti,

494 702 593 742 coph.
1039 680 1085 713 Et
1108 679 1298 712 formidavit
1323 688 1378 711 cor
1403 688 1519 711 meum.

234 771 337 805 1174.
354 770 497 803 Clamavi
522 771 619 802 corde
643 773 675 801 et
699 778 755 801 ore
924 769 1024 802 1181.
1041 769 1105 802 Cor
1129 776 1234 800 meum
1260 770 1364 800 autem
1391 766 1515 799 firmius

351 819 403 851 Ad
432 822 472 860 te,
500 818 599 858 virgo,
627 818 776 861 diluculo,
1040 816 1113 849 Stet·
1137 819 1191 848 tuo
1217 815 1409 857 patrocinio,

354 867 399 900 Ut
422 866 538 907 gaudio
566 870 598 898 et
622 875 767 898 maerore
1041 864 1175 904 Semper
1206 863 1329 896 habens
1355 863 1553 904 peramplius

355 916 485 947 Praesto
512 923 580 946 meo
606 915 650 946 sis
677 914 814 946 corculo.
1039 912 1246 953 Iniquitatem
1273 912 1358 946 odio.

237 1002 340 1035 1175.
356 1001 492 1034 Corculo
519 1000 646 1033 turbato
672 1009 741 1032 meo
922 1001 1024 1033 1182.
1041 999 1123 1033 Odio
1150 1008 1279 1032 carnem
1303 998 1422 1031 habeat

354 1049 484 1081 Faciem
510 1052 598 1081 tuam
622 1051 793 1089 requiram,
1039 1048 1135 1080 Mens
1153 1057 1224 1080 mea
1240 1052 1273 1079 et,
1289 1050 1322 1079 te
1339 1057 1403 1079 non
1416 1047 1552 1088 linquat,

353 1096 399 1130 Ut
422 1097 526 1138 tollas
553 1100 665 1139 mater,
694 1096 734 1128 ab
762 1106 797 1128 eo
1041 1096 1170 1133 Tecum,
1198 1095 1314 1136 Maria,
1339 1098 1478 1137 maneat,

354 1145 590 1186 Indignationis
614 1145 707 1177 iram.
1042 1144 1088 1177 Ut
1105 1145 1196 1177 Iesus
1213 1143 1289 1176 hinc
1301 1143 1552 1184 adpropinquat.

237 1231 340 1264 117c.
354 1231 439 1263 Iram
463 1231 577 1263 malam
606 1234 639 1262 et
662 1231 769 1263 odium
1195 1231 1275 1264 Tau.

354 1279 561 1359 ξξέἓξῖὲτῗεῦ
569 1278 863 1367 εξῑῖῗῗὶοέἓέιῗῐῃγᾶθ
925 1298 1026 1333 1183·
1040 1298 1294 1378 ssdpropinquat
1318 1308 1394 1340 θΓὲΟ
1417 1299 1506 1332 12050

765 1352 773 1367 ⁷
1071 1355 1121 1388 ua,
1148 1346 1248 1388 virgo,
1275 1348 1447 1390 respectio,

355 1374 419 1407 Sed
443 1374 525 1407 tales
550 1384 569 1406 a
593 1383 644 1406 me
670 1375 790 1408 divide.
1042 1395 1134 1435 Quod
1148 1396 1191 1428 ad
1203 1396 1311 1429 Iesum
1323 1405 1406 1437 mea,
1422 1405 1552 1439 quaeso,

486 1460 603 1495 Rosch.
1040 1444 1147 1476 Intret
1170 1452 1255 1475 nunc
1280 1444 1466 1485 postulatio.

237 1528 340 1562 1177.
355 1528 442 1561 Vide
465 1536 550 1560 nuno
574 1528 786 1561 humilitatem
923 1531 1027 1564 1184.
1043 1531 1286 1572 Postulatioque
1310 1534 1366 1565 tua

356 1576 412 1609 Me
435 1577 613 1618 prementis
636 1577 811 1618 angustiae,
1042 1578 1182 1620 Dirigat‚
1210 1580 1263 1620 qui
1289 1583 1322 1612 te
1347 1582 1494 1624 quaesiit,

354 1624 552 1666 Dispergens
578 1626 768 1657 suavitatem
1041 1627 1214 1660 Errantem
1238 1628 1273 1661 in
1298 1628 1374 1671 fuga
1396 1639 1457 1662 sua

355 1672 481 1705 Multae
503 1673 754 1707 misericordiae.
1044 1675 1135 1708 Sicut
1159 1677 1239 1716 ovis,
1266 1685 1349 1718 quae
1373 1679 1483 1718 periit.

238 1760 339 1793 1178.
354 1759 602 1792 Misericordiae
625 1760 745 1792 multae
926 1761 1027 1795 1185.
1043 1762 1146 1794 Periit
1170 1763 1235 1795 iam
1260 1773 1337 1805 gens
1362 1765 1532 1806 peccatrix

355 1807 454 1840 Multi
477 1816 634 1841 memores
659 1807 799 1848 fuerunt,
1043 1809 1171 1843 Mutata
1192 1816 1249 1843 tua
1273 1813 1389 1856 gratia,

356 1856 426 1895 Qua
450 1865 560 1889 rursus
586 1856 628 1888 ad
653 1857 740 1888 vitae
763 1865 840 1888 suae
1044 1858 1107 1890 Per
1132 1861 1175 1901 te,
1202 1859 1319 1902 Maria,
1346 1863 1503 1895 sectatrix

356 1904 478 1936 Lumen
502 1904 853 1946 adpropinquaverunt.
1044 1906 1120 1939 Iesu
1142 1905 1231 1941 faeta
1256 1918 1328 1941 cum
1353 1911 1466 1951 gloria.

580 1992 686 2026 1186.
702 1990 815 2024 Gloria
840 1993 895 2023 tuo
918 1991 996 2035 filio,

697 2039 826 2072 Veritas
853 2042 885 2071 et
908 2040 1073 2082 iudicium,

699 2087 744 2120 Et
768 2087 829 2120 tibi
852 2088 923 2121 laus
949 2098 1021 2121 cum
1045 2091 1174 2134 gaudio,

697 2136 785 2176 Quae
809 2136 972 2169 misereris
991 2138 1140 2173 omnium.

830 2233 956 2269 GXJX.

237 2310 339 2344 1187.
354 2310 409 2343 Ad
434 2309 607 2343 Dominum
630 2310 823 2342 salvatorem
925 2312 1029 2347 1188.
1043 2313 1153 2347 Meam
1178 2316 1276 2350 vitam
1302 2321 1491 2355 tribulatam

356 2358 404 2392 Tu
419 2361 609 2391 convertens
622 2358 750 2398 plebem
763 2367 861 2403 ream,
1043 2359 1188 2408 Vallatus,
1216 2367 1338 2411 velem,
1366 2370 1510 2405 virtuosa

356 2407 420 2439 Per
444 2407 551 2447 precis
574 2410 650 2441 tuae
673 2407 816 2441 valorem
1044 2410 1095 2443 Ne
1120 2414 1254 2453 gratiam
1281 2416 1360 2449 mihi
1389 2418 1498 2451 datam
1512 2398 1520 2414 ⁹

354 2455 474 2489 Libera
499 2455 636 2489 animam
661 2464 774 2489 meam.
1043 2458 1213 2496 Distrahat
1237 2464 1349 2506 lingua
1371 2467 1492 2502 dolosa.
