<?xml version="1.0" encoding="UTF-8"?>
<!DOCTYPE html PUBLIC "-//W3C//DTD XHTML 1.0 Transitional//EN"
    "http://www.w3.org/TR/xhtml1/DTD/xhtml1-transitional.dtd">
<html xmlns="http://www.w3.org/1999/xhtml" xml:lang="en" lang="en">
 <head>
  <title>
</title>
<meta http-equiv="Content-Type" content="text/html;charset=utf-8" />
  <meta name='ocr-system' content='tesseract 3.04.00' />
  <meta name='ocr-capabilities' content='ocr_page ocr_carea ocr_par ocr_line ocrx_word'/>
</head>
<body>
  <div class='ocr_page' id='page_1' title='image "./analectahymnica36drevuoft_00138.png"; bbox 0 0 1655 2726; ppageno 0'>
   <div class='ocr_carea' id='block_1_1' title="bbox 152 283 209 316">
    <p class='ocr_par' dir='ltr' id='par_1_1' title="bbox 152 283 209 316">
     <span class='ocr_line' id='line_1_1' title="bbox 152 283 209 316; baseline 0 -1"><span class='ocrx_word' id='word_1_1' title='bbox 152 283 209 316; x_wconf 83' lang='lat'>87.</span> 
     </span>
    </p>
   </div>
   <div class='ocr_carea' id='block_1_2' title="bbox 152 496 208 529">
    <p class='ocr_par' dir='ltr' id='par_1_2' title="bbox 152 496 208 529">
     <span class='ocr_line' id='line_1_2' title="bbox 152 496 208 529; baseline -0.018 0"><span class='ocrx_word' id='word_1_2' title='bbox 152 496 208 529; x_wconf 90' lang='lat'>88.</span> 
     </span>
    </p>
   </div>
   <div class='ocr_carea' id='block_1_3' title="bbox 156 972 212 1004">
    <p class='ocr_par' dir='ltr' id='par_1_3' title="bbox 156 972 212 1004">
     <span class='ocr_line' id='line_1_3' title="bbox 156 972 212 1004; baseline -0.036 0"><span class='ocrx_word' id='word_1_3' title='bbox 156 972 212 1004; x_wconf 82' lang='lat'>92.</span> 
     </span>
    </p>
   </div>
   <div class='ocr_carea' id='block_1_4' title="bbox 154 1184 209 1217">
    <p class='ocr_par' dir='ltr' id='par_1_4' title="bbox 154 1184 209 1217">
     <span class='ocr_line' id='line_1_4' title="bbox 154 1184 209 1217; baseline 0 0"><span class='ocrx_word' id='word_1_4' title='bbox 154 1184 209 1217; x_wconf 87' lang='lat'>93.</span> 
     </span>
    </p>
   </div>
   <div class='ocr_carea' id='block_1_5' title="bbox 155 1398 214 1431">
    <p class='ocr_par' dir='ltr' id='par_1_5' title="bbox 155 1398 214 1431">
     <span class='ocr_line' id='line_1_5' title="bbox 155 1398 214 1431; baseline 0 -1"><span class='ocrx_word' id='word_1_5' title='bbox 155 1398 214 1431; x_wconf 80' lang='lat'>94.</span> 
     </span>
    </p>
   </div>
   <div class='ocr_carea' id='block_1_6' title="bbox 154 1612 211 1645">
    <p class='ocr_par' dir='ltr' id='par_1_6' title="bbox 154 1612 211 1645">
     <span class='ocr_line' id='line_1_6' title="bbox 154 1612 211 1645; baseline 0.018 -1"><span class='ocrx_word' id='word_1_6' title='bbox 154 1612 211 1645; x_wconf 88' lang='lat'>95.</span> 
     </span>
    </p>
   </div>
   <div class='ocr_carea' id='block_1_7' title="bbox 155 1826 210 1859">
    <p class='ocr_par' dir='ltr' id='par_1_7' title="bbox 155 1826 210 1859">
     <span class='ocr_line' id='line_1_7' title="bbox 155 1826 210 1859; baseline -0.036 0"><span class='ocrx_word' id='word_1_7' title='bbox 155 1826 210 1859; x_wconf 92' lang='lat'>96.</span> 
     </span>
    </p>
   </div>
   <div class='ocr_carea' id='block_1_8' title="bbox 141 2316 220 2349">
    <p class='ocr_par' dir='ltr' id='par_1_8' title="bbox 141 2316 220 2349">
     <span class='ocr_line' id='line_1_8' title="bbox 141 2316 220 2349; baseline -0.013 0"><span class='ocrx_word' id='word_1_8' title='bbox 141 2316 220 2349; x_wconf 88' lang='lat'>103.</span> 
     </span>
    </p>
   </div>
   <div class='ocr_carea' id='block_1_9' title="bbox 672 128 934 164">
    <p class='ocr_par' dir='ltr' id='par_1_9' title="bbox 672 128 934 164">
     <span class='ocr_line' id='line_1_9' title="bbox 672 128 934 164; baseline 0 0"><span class='ocrx_word' id='word_1_9' title='bbox 672 128 934 164; x_wconf 68' lang='lat'>—135—</span> 
     </span>
    </p>
   </div>
   <div class='ocr_carea' id='block_1_10' title="bbox 234 226 1471 2408">
    <p class='ocr_par' dir='ltr' id='par_1_10' title="bbox 234 226 1471 2408">
     <span class='ocr_line' id='line_1_10' title="bbox 757 226 847 260; baseline -0.011 0"><span class='ocrx_word' id='word_1_10' title='bbox 757 226 847 260; x_wconf 85' lang='lat' dir='ltr'>XVI.</span> 
     </span>
     <span class='ocr_line' id='line_1_11' title="bbox 234 281 1344 326; baseline 0.002 -12"><span class='ocrx_word' id='word_1_11' title='bbox 234 281 375 326; x_wconf 79' lang='lat' dir='ltr'>Exaudi,</span> <span class='ocrx_word' id='word_1_12' title='bbox 404 287 518 315; x_wconf 83' lang='lat' dir='ltr'>sancta</span> <span class='ocrx_word' id='word_1_13' title='bbox 544 284 661 325; x_wconf 80' lang='lat' dir='ltr'>Maria,</span> <span class='ocrx_word' id='word_1_14' title='bbox 862 287 917 319; x_wconf 86' lang='lat'>89.</span> <span class='ocrx_word' id='word_1_15' title='bbox 931 285 982 318; x_wconf 90' lang='lat' dir='ltr'>De</span> <span class='ocrx_word' id='word_1_16' title='bbox 1007 286 1098 319; x_wconf 89' lang='lat' dir='ltr'>vultu</span> <span class='ocrx_word' id='word_1_17' title='bbox 1124 289 1178 319; x_wconf 94' lang='lat' dir='ltr'>tuo</span> <span class='ocrx_word' id='word_1_18' title='bbox 1205 286 1344 326; x_wconf 78' lang='lat' dir='ltr'>prodeat</span> 
     </span>
     <span class='ocr_line' id='line_1_12' title="bbox 236 330 1317 376; baseline 0.004 -13"><span class='ocrx_word' id='word_1_19' title='bbox 236 330 345 363; x_wconf 85' lang='lat' dir='ltr'>Meam</span> <span class='ocrx_word' id='word_1_20' title='bbox 371 340 507 371; x_wconf 88' lang='lat' dir='ltr'>parvam</span> <span class='ocrx_word' id='word_1_21' title='bbox 531 331 686 364; x_wconf 88' lang='lat' dir='ltr'>iustitiam</span> <span class='ocrx_word' id='word_1_22' title='bbox 932 334 1016 366; x_wconf 84' lang='lat' dir='ltr'>Mihi</span> <span class='ocrx_word' id='word_1_23' title='bbox 1041 334 1129 374; x_wconf 89' lang='lat' dir='ltr'>pium</span> <span class='ocrx_word' id='word_1_24' title='bbox 1152 334 1317 376; x_wconf 87' lang='lat' dir='ltr'>iudicium,</span> 
     </span>
     <span class='ocr_line' id='line_1_13' title="bbox 237 378 1283 421; baseline 0.004 -10"><span class='ocrx_word' id='word_1_25' title='bbox 237 379 283 411; x_wconf 89' lang='lat' dir='ltr'>Et</span> <span class='ocrx_word' id='word_1_26' title='bbox 307 378 362 412; x_wconf 84' lang='lat' dir='ltr'>fac</span> <span class='ocrx_word' id='word_1_27' title='bbox 386 388 467 421; x_wconf 88' lang='lat' dir='ltr'>eam,</span> <span class='ocrx_word' id='word_1_28' title='bbox 493 380 619 412; x_wconf 78' lang='lat' dir='ltr'>auctrix</span> <span class='ocrx_word' id='word_1_29' title='bbox 645 380 711 421; x_wconf 90' lang='lat' dir='ltr'>pia,</span> <span class='ocrx_word' id='word_1_30' title='bbox 933 382 1050 415; x_wconf 84' lang='lat' dir='ltr'>Oculos</span> <span class='ocrx_word' id='word_1_31' title='bbox 1075 385 1148 415; x_wconf 88' lang='lat' dir='ltr'>tuus</span> <span class='ocrx_word' id='word_1_32' title='bbox 1175 383 1283 415; x_wconf 87' lang='lat' dir='ltr'>videat</span> 
     </span>
     <span class='ocr_line' id='line_1_14' title="bbox 238 427 1309 469; baseline 0.005 -10"><span class='ocrx_word' id='word_1_33' title='bbox 238 427 453 460; x_wconf 78' lang='lat' dir='ltr'><strong>concrescere</strong></span> <span class='ocrx_word' id='word_1_34' title='bbox 478 436 539 468; x_wconf 85' lang='lat' dir='ltr'>per</span> <span class='ocrx_word' id='word_1_35' title='bbox 563 428 712 469; x_wconf 78' lang='lat' dir='ltr'>gratiam.</span> <span class='ocrx_word' id='word_1_36' title='bbox 931 430 989 462; x_wconf 88' lang='lat' dir='ltr'>Pie</span> <span class='ocrx_word' id='word_1_37' title='bbox 1013 439 1119 463; x_wconf 88' lang='lat' dir='ltr'>meum</span> <span class='ocrx_word' id='word_1_38' title='bbox 1145 428 1309 464; x_wconf 82' lang='lat' dir='ltr'>diluvium.</span> 
     </span>
     <span class='ocr_line' id='line_1_15' title="bbox 237 494 1322 531; baseline 0.004 -4"><span class='ocrx_word' id='word_1_39' title='bbox 237 494 382 528; x_wconf 80' lang='lat' dir='ltr'>Gratiam</span> <span class='ocrx_word' id='word_1_40' title='bbox 412 499 519 528; x_wconf 85' lang='lat' dir='ltr'>autem</span> <span class='ocrx_word' id='word_1_41' title='bbox 544 496 672 529; x_wconf 82' lang='lat' dir='ltr'>noxiam</span> <span class='ocrx_word' id='word_1_42' title='bbox 862 499 916 531; x_wconf 89' lang='lat'>90.</span> <span class='ocrx_word' id='word_1_43' title='bbox 933 497 1097 530; x_wconf 86' lang='lat' dir='ltr'>Diluvium</span> <span class='ocrx_word' id='word_1_44' title='bbox 1122 497 1322 531; x_wconf 86' lang='lat' dir='ltr'>mortiferum</span> 
     </span>
     <span class='ocr_line' id='line_1_16' title="bbox 237 543 1357 588; baseline 0.002 -12"><span class='ocrx_word' id='word_1_45' title='bbox 237 543 395 584; x_wconf 85' lang='lat' dir='ltr'>Spernam</span> <span class='ocrx_word' id='word_1_46' title='bbox 414 553 484 577; x_wconf 86' lang='lat' dir='ltr'>cum</span> <span class='ocrx_word' id='word_1_47' title='bbox 499 545 660 577; x_wconf 85' lang='lat' dir='ltr'>mundano</span> <span class='ocrx_word' id='word_1_48' title='bbox 676 546 774 588; x_wconf 85' lang='lat' dir='ltr'>cultu,</span> <span class='ocrx_word' id='word_1_49' title='bbox 933 545 1109 578; x_wconf 76' lang='lat' dir='ltr'>Suscitavit</span> <span class='ocrx_word' id='word_1_50' title='bbox 1133 549 1246 579; x_wconf 86' lang='lat' dir='ltr'>auctor</span> <span class='ocrx_word' id='word_1_51' title='bbox 1270 546 1357 588; x_wconf 89' lang='lat' dir='ltr'>mali,</span> 
     </span>
     <span class='ocr_line' id='line_1_17' title="bbox 237 591 1465 638; baseline 0.002 -14"><span class='ocrx_word' id='word_1_52' title='bbox 237 591 304 625; x_wconf 87' lang='lat' dir='ltr'>Per</span> <span class='ocrx_word' id='word_1_53' title='bbox 317 595 360 634; x_wconf 89' lang='lat' dir='ltr'>te,</span> <span class='ocrx_word' id='word_1_54' title='bbox 376 602 458 633; x_wconf 88' lang='lat' dir='ltr'>quae</span> <span class='ocrx_word' id='word_1_55' title='bbox 472 602 627 625; x_wconf 89' lang='lat' dir='ltr'>summam</span> <span class='ocrx_word' id='word_1_56' title='bbox 641 594 775 634; x_wconf 84' lang='lat' dir='ltr'>gloriam</span> <span class='ocrx_word' id='word_1_57' title='bbox 933 593 998 626; x_wconf 85' lang='lat' dir='ltr'>Sed</span> <span class='ocrx_word' id='word_1_58' title='bbox 1013 595 1074 627; x_wconf 88' lang='lat' dir='ltr'>hoc</span> <span class='ocrx_word' id='word_1_59' title='bbox 1089 595 1169 638; x_wconf 92' lang='lat' dir='ltr'>dele,</span> <span class='ocrx_word' id='word_1_60' title='bbox 1190 604 1263 635; x_wconf 86' lang='lat' dir='ltr'>spes</span> <span class='ocrx_word' id='word_1_61' title='bbox 1277 603 1465 638; x_wconf 85' lang='lat' dir='ltr'>pauperum,</span> 
     </span>
     <span class='ocr_line' id='line_1_18' title="bbox 239 641 1332 684; baseline 0.003 -11"><span class='ocrx_word' id='word_1_62' title='bbox 239 641 385 682; x_wconf 88' lang='lat' dir='ltr'>Percipis</span> <span class='ocrx_word' id='word_1_63' title='bbox 410 642 485 674; x_wconf 88' lang='lat' dir='ltr'>Iesu</span> <span class='ocrx_word' id='word_1_64' title='bbox 512 642 552 673; x_wconf 90' lang='lat' dir='ltr'>de</span> <span class='ocrx_word' id='word_1_65' title='bbox 576 643 677 677; x_wconf 84' lang='lat' dir='ltr'>vultu,</span> <span class='ocrx_word' id='word_1_66' title='bbox 931 642 1032 675; x_wconf 87' lang='lat' dir='ltr'>Manu</span> <span class='ocrx_word' id='word_1_67' title='bbox 1057 645 1114 676; x_wconf 91' lang='lat' dir='ltr'>tua</span> <span class='ocrx_word' id='word_1_68' title='bbox 1136 643 1332 684; x_wconf 87' lang='lat' dir='ltr'>triumphali.</span> 
     </span>
     <span class='ocr_line' id='line_1_19' title="bbox 503 699 962 741; baseline 0 -9"><span class='ocrx_word' id='word_1_69' title='bbox 503 699 561 734; x_wconf 84' lang='lat'>91.</span> <span class='ocrx_word' id='word_1_70' title='bbox 587 699 791 741; x_wconf 83' lang='lat' dir='ltr'>Triumphali</span> <span class='ocrx_word' id='word_1_71' title='bbox 815 700 962 740; x_wconf 86' lang='lat' dir='ltr'>potentia</span> 
     </span>
     <span class='ocr_line' id='line_1_20' title="bbox 585 748 1152 792; baseline 0 -11"><span class='ocrx_word' id='word_1_72' title='bbox 585 748 725 790; x_wconf 89' lang='lat' dir='ltr'>Pollens,</span> <span class='ocrx_word' id='word_1_73' title='bbox 752 758 879 781; x_wconf 88' lang='lat' dir='ltr'>manum</span> <span class='ocrx_word' id='word_1_74' title='bbox 908 749 949 781; x_wconf 89' lang='lat' dir='ltr'>da</span> <span class='ocrx_word' id='word_1_75' title='bbox 973 749 1152 792; x_wconf 86' lang='lat' dir='ltr'>prodigam,</span> 
     </span>
     <span class='ocr_line' id='line_1_21' title="bbox 587 797 1009 838; baseline -0.002 -8"><span class='ocrx_word' id='word_1_76' title='bbox 587 798 634 830; x_wconf 95' lang='lat' dir='ltr'>Ut</span> <span class='ocrx_word' id='word_1_77' title='bbox 658 797 733 829; x_wconf 89' lang='lat' dir='ltr'>hinc</span> <span class='ocrx_word' id='word_1_78' title='bbox 757 801 813 831; x_wconf 88' lang='lat' dir='ltr'>tua</span> <span class='ocrx_word' id='word_1_79' title='bbox 836 799 1009 838; x_wconf 87' lang='lat' dir='ltr'>praeconia</span> 
     </span>
     <span class='ocr_line' id='line_1_22' title="bbox 585 845 1071 887; baseline 0 -9"><span class='ocrx_word' id='word_1_80' title='bbox 585 845 693 885; x_wconf 84' lang='lat' dir='ltr'>Magis</span> <span class='ocrx_word' id='word_1_81' title='bbox 717 845 847 878; x_wconf 82' lang='lat' dir='ltr'>laudem</span> <span class='ocrx_word' id='word_1_82' title='bbox 871 849 904 878; x_wconf 87' lang='lat' dir='ltr'>et</span> <span class='ocrx_word' id='word_1_83' title='bbox 929 846 1071 887; x_wconf 83' lang='lat' dir='ltr'>diligam.</span> 
     </span>
     <span class='ocr_line' id='line_1_23' title="bbox 740 913 846 946; baseline 0.009 -1"><span class='ocrx_word' id='word_1_84' title='bbox 740 913 846 946; x_wconf 83' lang='lat' dir='ltr'>XVII.</span> 
     </span>
     <span class='ocr_line' id='line_1_24' title="bbox 240 970 1349 1014; baseline 0.002 -12"><span class='ocrx_word' id='word_1_85' title='bbox 240 970 381 1011; x_wconf 81' lang='lat' dir='ltr'>Diligam</span> <span class='ocrx_word' id='word_1_86' title='bbox 407 973 451 1014; x_wconf 88' lang='lat' dir='ltr'>te,</span> <span class='ocrx_word' id='word_1_87' title='bbox 476 973 581 1003; x_wconf 89' lang='lat' dir='ltr'>mater</span> <span class='ocrx_word' id='word_1_88' title='bbox 606 971 679 1014; x_wconf 87' lang='lat' dir='ltr'>Dei,</span> <span class='ocrx_word' id='word_1_89' title='bbox 860 972 917 1005; x_wconf 83' lang='lat'>97.</span> <span class='ocrx_word' id='word_1_90' title='bbox 932 972 1087 1004; x_wconf 83' lang='lat' dir='ltr'>Hostibus</span> <span class='ocrx_word' id='word_1_91' title='bbox 1114 972 1349 1005; x_wconf 82' lang='lat' dir='ltr'>effundentibus</span> 
     </span>
     <span class='ocr_line' id='line_1_25' title="bbox 240 1019 1320 1063; baseline 0.001 -11"><span class='ocrx_word' id='word_1_92' title='bbox 240 1019 356 1052; x_wconf 82' lang='lat' dir='ltr'>cordis</span> <span class='ocrx_word' id='word_1_93' title='bbox 381 1019 443 1051; x_wconf 91' lang='lat' dir='ltr'>mei</span> <span class='ocrx_word' id='word_1_94' title='bbox 467 1019 713 1063; x_wconf 84' lang='lat' dir='ltr'>firmamentum,</span> <span class='ocrx_word' id='word_1_95' title='bbox 932 1020 1106 1052; x_wconf 86' lang='lat' dir='ltr'>Torrentes</span> <span class='ocrx_word' id='word_1_96' title='bbox 1132 1021 1320 1060; x_wconf 85' lang='lat' dir='ltr'>iniquitatis,</span> 
     </span>
     <span class='ocr_line' id='line_1_26' title="bbox 237 1065 1286 1109; baseline 0.002 -10"><span class='ocrx_word' id='word_1_97' title='bbox 237 1065 422 1109; x_wconf 85' lang='lat' dir='ltr'>Refugium,</span> <span class='ocrx_word' id='word_1_98' title='bbox 449 1068 492 1100; x_wconf 90' lang='lat' dir='ltr'>ad</span> <span class='ocrx_word' id='word_1_99' title='bbox 516 1068 600 1108; x_wconf 87' lang='lat' dir='ltr'>quod</span> <span class='ocrx_word' id='word_1_100' title='bbox 627 1067 675 1099; x_wconf 87' lang='lat' dir='ltr'>rei</span> <span class='ocrx_word' id='word_1_101' title='bbox 931 1068 1047 1109; x_wconf 88' lang='lat' dir='ltr'>Maria,</span> <span class='ocrx_word' id='word_1_102' title='bbox 1075 1069 1138 1100; x_wconf 89' lang='lat' dir='ltr'>tuis</span> <span class='ocrx_word' id='word_1_103' title='bbox 1165 1068 1286 1101; x_wconf 85' lang='lat' dir='ltr'>viribus</span> 
     </span>
     <span class='ocr_line' id='line_1_27' title="bbox 240 1115 1422 1158; baseline 0.002 -10"><span class='ocrx_word' id='word_1_104' title='bbox 240 1115 384 1148; x_wconf 72' lang='lat' dir='ltr'>Gur-runt</span> <span class='ocrx_word' id='word_1_105' title='bbox 399 1118 535 1156; x_wconf 82' lang='lat' dir='ltr'>propter</span> <span class='ocrx_word' id='word_1_106' title='bbox 551 1118 777 1149; x_wconf 77' lang='lat' dir='ltr'>tutamentum.</span> <span class='ocrx_word' id='word_1_107' title='bbox 931 1115 1126 1148; x_wconf 81' lang='lat' dir='ltr'>Resistendo</span> <span class='ocrx_word' id='word_1_108' title='bbox 1152 1126 1213 1157; x_wconf 77' lang='lat' dir='ltr'>pro</span> <span class='ocrx_word' id='word_1_109' title='bbox 1237 1126 1289 1149; x_wconf 89' lang='lat' dir='ltr'>me</span> <span class='ocrx_word' id='word_1_110' title='bbox 1313 1117 1422 1158; x_wconf 69' lang='lat' dir='ltr'>gratis</span> 
     </span>
     <span class='ocr_line' id='line_1_28' title="bbox 237 1182 1380 1224; baseline 0.001 -8"><span class='ocrx_word' id='word_1_111' title='bbox 237 1184 468 1216; x_wconf 84' lang='lat' dir='ltr'>Tutamentum</span> <span class='ocrx_word' id='word_1_112' title='bbox 497 1183 579 1215; x_wconf 85' lang='lat' dir='ltr'>enim</span> <span class='ocrx_word' id='word_1_113' title='bbox 607 1194 627 1216; x_wconf 88' lang='lat' dir='ltr'>a</span> <span class='ocrx_word' id='word_1_114' title='bbox 652 1186 685 1215; x_wconf 87' lang='lat' dir='ltr'>te</span> <span class='ocrx_word' id='word_1_115' title='bbox 862 1184 918 1216; x_wconf 89' lang='lat'>98.</span> <span class='ocrx_word' id='word_1_116' title='bbox 934 1182 1055 1223; x_wconf 84' lang='lat' dir='ltr'>Gratis,</span> <span class='ocrx_word' id='word_1_117' title='bbox 1083 1186 1196 1224; x_wconf 85' lang='lat' dir='ltr'>mater,</span> <span class='ocrx_word' id='word_1_118' title='bbox 1226 1185 1380 1218; x_wconf 82' lang='lat' dir='ltr'>exaudias</span> 
     </span>
     <span class='ocr_line' id='line_1_29' title="bbox 237 1231 1457 1277; baseline 0.002 -14"><span class='ocrx_word' id='word_1_119' title='bbox 237 1231 429 1264; x_wconf 88' lang='lat' dir='ltr'>Multotiens</span> <span class='ocrx_word' id='word_1_120' title='bbox 455 1232 670 1273; x_wconf 87' lang='lat' dir='ltr'>percepimus,</span> <span class='ocrx_word' id='word_1_121' title='bbox 932 1231 989 1263; x_wconf 82' lang='lat' dir='ltr'>Me</span> <span class='ocrx_word' id='word_1_122' title='bbox 1017 1232 1056 1264; x_wconf 87' lang='lat' dir='ltr'>de</span> <span class='ocrx_word' id='word_1_123' title='bbox 1082 1233 1203 1273; x_wconf 88' lang='lat' dir='ltr'>templo</span> <span class='ocrx_word' id='word_1_124' title='bbox 1227 1237 1337 1265; x_wconf 89' lang='lat' dir='ltr'>sancto</span> <span class='ocrx_word' id='word_1_125' title='bbox 1363 1234 1457 1277; x_wconf 88' lang='lat' dir='ltr'>caeli,</span> 
     </span>
     <span class='ocr_line' id='line_1_30' title="bbox 237 1280 1310 1321; baseline 0.002 -9"><span class='ocrx_word' id='word_1_126' title='bbox 237 1280 316 1313; x_wconf 90' lang='lat' dir='ltr'>Ideo</span> <span class='ocrx_word' id='word_1_127' title='bbox 342 1281 536 1313; x_wconf 84' lang='lat' dir='ltr'>necessitate</span> <span class='ocrx_word' id='word_1_128' title='bbox 933 1280 1000 1320; x_wconf 85' lang='lat' dir='ltr'>Quo</span> <span class='ocrx_word' id='word_1_129' title='bbox 1026 1280 1149 1321; x_wconf 84' lang='lat' dir='ltr'>gloriae</span> <span class='ocrx_word' id='word_1_130' title='bbox 1177 1280 1310 1314; x_wconf 83' lang='lat' dir='ltr'>delicias</span> 
     </span>
     <span class='ocr_line' id='line_1_31' title="bbox 236 1328 1356 1370; baseline 0.003 -10"><span class='ocrx_word' id='word_1_131' title='bbox 236 1328 305 1361; x_wconf 84' lang='lat' dir='ltr'>Iam</span> <span class='ocrx_word' id='word_1_132' title='bbox 325 1337 514 1370; x_wconf 88' lang='lat' dir='ltr'>quacunque</span> <span class='ocrx_word' id='word_1_133' title='bbox 531 1331 565 1361; x_wconf 90' lang='lat' dir='ltr'>te</span> <span class='ocrx_word' id='word_1_134' title='bbox 582 1328 775 1369; x_wconf 87' lang='lat' dir='ltr'>quaerimus.</span> <span class='ocrx_word' id='word_1_135' title='bbox 935 1328 1032 1369; x_wconf 84' lang='lat' dir='ltr'>Capis</span> <span class='ocrx_word' id='word_1_136' title='bbox 1059 1337 1130 1360; x_wconf 89' lang='lat' dir='ltr'>cum</span> <span class='ocrx_word' id='word_1_137' title='bbox 1155 1330 1227 1362; x_wconf 91' lang='lat' dir='ltr'>Iesu</span> <span class='ocrx_word' id='word_1_138' title='bbox 1254 1329 1356 1364; x_wconf 87' lang='lat' dir='ltr'>fideli.</span> 
     </span>
     <span class='ocr_line' id='line_1_32' title="bbox 242 1396 1218 1438; baseline 0 -9"><span class='ocrx_word' id='word_1_139' title='bbox 242 1396 430 1436; x_wconf 76' lang='lat' dir='ltr'>Quaerimus</span> <span class='ocrx_word' id='word_1_140' title='bbox 456 1400 499 1438; x_wconf 90' lang='lat' dir='ltr'>te,</span> <span class='ocrx_word' id='word_1_141' title='bbox 525 1396 723 1438; x_wconf 81' lang='lat' dir='ltr'>miseratrix,</span> <span class='ocrx_word' id='word_1_142' title='bbox 863 1398 919 1430; x_wconf 76' lang='lat'>99,</span> <span class='ocrx_word' id='word_1_143' title='bbox 934 1396 1045 1429; x_wconf 79' lang='lat' dir='ltr'>Fideli</span> <span class='ocrx_word' id='word_1_144' title='bbox 1070 1399 1125 1429; x_wconf 90' lang='lat' dir='ltr'>tuo</span> <span class='ocrx_word' id='word_1_145' title='bbox 1151 1396 1218 1430; x_wconf 76' lang='lat' dir='ltr'>filio</span> 
     </span>
     <span class='ocr_line' id='line_1_33' title="bbox 239 1444 1399 1490; baseline 0.002 -13"><span class='ocrx_word' id='word_1_146' title='bbox 239 1445 357 1487; x_wconf 88' lang='lat' dir='ltr'>Bonos,</span> <span class='ocrx_word' id='word_1_147' title='bbox 383 1446 485 1478; x_wconf 88' lang='lat' dir='ltr'>malos</span> <span class='ocrx_word' id='word_1_148' title='bbox 511 1446 700 1486; x_wconf 81' lang='lat' dir='ltr'>suscipienS,</span> <span class='ocrx_word' id='word_1_149' title='bbox 935 1444 1132 1478; x_wconf 87' lang='lat' dir='ltr'>Commenda</span> <span class='ocrx_word' id='word_1_150' title='bbox 1156 1454 1244 1478; x_wconf 89' lang='lat' dir='ltr'>meos</span> <span class='ocrx_word' id='word_1_151' title='bbox 1269 1446 1399 1490; x_wconf 81' lang='lat' dir='ltr'>amiGOS,</span> 
     </span>
     <span class='ocr_line' id='line_1_34' title="bbox 239 1493 1384 1538; baseline 0.001 -12"><span class='ocrx_word' id='word_1_152' title='bbox 239 1494 452 1527; x_wconf 87' lang='lat' dir='ltr'>Peccatorum</span> <span class='ocrx_word' id='word_1_153' title='bbox 476 1493 659 1536; x_wconf 82' lang='lat' dir='ltr'>liberatrix,</span> <span class='ocrx_word' id='word_1_154' title='bbox 934 1495 1142 1535; x_wconf 81' lang='lat' dir='ltr'>convertens,</span> <span class='ocrx_word' id='word_1_155' title='bbox 1170 1494 1253 1527; x_wconf 89' lang='lat' dir='ltr'>sicut</span> <span class='ocrx_word' id='word_1_156' title='bbox 1280 1494 1384 1538; x_wconf 84' lang='lat' dir='ltr'>cupio,</span> 
     </span>
     <span class='ocr_line' id='line_1_35' title="bbox 238 1541 1344 1577; baseline 0.003 -3"><span class='ocrx_word' id='word_1_157' title='bbox 238 1541 290 1574; x_wconf 89' lang='lat' dir='ltr'>De</span> <span class='ocrx_word' id='word_1_158' title='bbox 315 1541 409 1575; x_wconf 90' lang='lat' dir='ltr'>malis</span> <span class='ocrx_word' id='word_1_159' title='bbox 433 1542 535 1575; x_wconf 91' lang='lat' dir='ltr'>bonos</span> <span class='ocrx_word' id='word_1_160' title='bbox 560 1541 693 1577; x_wconf 77' lang='lat' dir='ltr'>faciens.</span> <span class='ocrx_word' id='word_1_161' title='bbox 932 1542 1025 1575; x_wconf 88' lang='lat' dir='ltr'>Meos</span> <span class='ocrx_word' id='word_1_162' title='bbox 1052 1552 1160 1575; x_wconf 88' lang='lat' dir='ltr'>omnes</span> <span class='ocrx_word' id='word_1_163' title='bbox 1186 1542 1344 1577; x_wconf 85' lang='lat' dir='ltr'>inimicos.</span> 
     </span>
     <span class='ocr_line' id='line_1_36' title="bbox 237 1609 1346 1652; baseline 0.003 -11"><span class='ocrx_word' id='word_1_164' title='bbox 237 1610 376 1643; x_wconf 88' lang='lat' dir='ltr'>Faciens</span> <span class='ocrx_word' id='word_1_165' title='bbox 402 1609 580 1652; x_wconf 85' lang='lat' dir='ltr'>gratificari</span> <span class='ocrx_word' id='word_1_166' title='bbox 839 1610 1085 1645; x_wconf 81' lang='lat' dir='ltr'>100.1nimicos</span> <span class='ocrx_word' id='word_1_167' title='bbox 1111 1611 1187 1643; x_wconf 86' lang='lat' dir='ltr'>mihi</span> <span class='ocrx_word' id='word_1_168' title='bbox 1216 1611 1346 1644; x_wconf 90' lang='lat' dir='ltr'>dorsum</span> 
     </span>
     <span class='ocr_line' id='line_1_37' title="bbox 239 1658 1414 1704; baseline 0.001 -13"><span class='ocrx_word' id='word_1_169' title='bbox 239 1659 476 1691; x_wconf 83' lang='lat' dir='ltr'>Emendantem</span> <span class='ocrx_word' id='word_1_170' title='bbox 502 1658 601 1691; x_wconf 84' lang='lat' dir='ltr'>vitam</span> <span class='ocrx_word' id='word_1_171' title='bbox 627 1668 728 1701; x_wconf 83' lang='lat' dir='ltr'>suam,</span> <span class='ocrx_word' id='word_1_172' title='bbox 933 1659 1070 1700; x_wconf 80' lang='lat' dir='ltr'>Peneus,</span> <span class='ocrx_word' id='word_1_173' title='bbox 1095 1663 1134 1691; x_wconf 88' lang='lat' dir='ltr'>ut</span> <span class='ocrx_word' id='word_1_174' title='bbox 1157 1670 1177 1692; x_wconf 86' lang='lat' dir='ltr'>a</span> <span class='ocrx_word' id='word_1_175' title='bbox 1201 1669 1253 1691; x_wconf 89' lang='lat' dir='ltr'>me</span> <span class='ocrx_word' id='word_1_176' title='bbox 1278 1659 1414 1704; x_wconf 76' lang='lat' dir='ltr'>fugiant,</span> 
     </span>
     <span class='ocr_line' id='line_1_38' title="bbox 238 1707 1471 1752; baseline 0.001 -12"><span class='ocrx_word' id='word_1_177' title='bbox 238 1708 298 1749; x_wconf 86' lang='lat' dir='ltr'>Ac,</span> <span class='ocrx_word' id='word_1_178' title='bbox 326 1707 443 1752; x_wconf 87' lang='lat' dir='ltr'>Maria,</span> <span class='ocrx_word' id='word_1_179' title='bbox 471 1708 629 1749; x_wconf 88' lang='lat' dir='ltr'>gratulari</span> <span class='ocrx_word' id='word_1_180' title='bbox 932 1707 978 1739; x_wconf 89' lang='lat' dir='ltr'>Et</span> <span class='ocrx_word' id='word_1_181' title='bbox 1002 1708 1165 1740; x_wconf 84' lang='lat' dir='ltr'>mittentes</span> <span class='ocrx_word' id='word_1_182' title='bbox 1190 1710 1304 1741; x_wconf 87' lang='lat' dir='ltr'>mortis</span> <span class='ocrx_word' id='word_1_183' title='bbox 1328 1718 1471 1741; x_wconf 88' lang='lat' dir='ltr'>morsum</span> 
     </span>
     <span class='ocr_line' id='line_1_39' title="bbox 237 1756 1421 1799; baseline 0.002 -10"><span class='ocrx_word' id='word_1_184' title='bbox 237 1756 447 1789; x_wconf 85' lang='lat' dir='ltr'>Eructantem</span> <span class='ocrx_word' id='word_1_185' title='bbox 473 1756 602 1789; x_wconf 88' lang='lat' dir='ltr'>laudem</span> <span class='ocrx_word' id='word_1_186' title='bbox 625 1760 724 1790; x_wconf 89' lang='lat' dir='ltr'>tuam.</span> <span class='ocrx_word' id='word_1_187' title='bbox 934 1757 1100 1799; x_wconf 72' lang='lat' dir='ltr'>Pmmens,</span> <span class='ocrx_word' id='word_1_188' title='bbox 1129 1757 1232 1790; x_wconf 86' lang='lat' dir='ltr'>donec</span> <span class='ocrx_word' id='word_1_189' title='bbox 1258 1757 1421 1791; x_wconf 88' lang='lat' dir='ltr'>deficiant.</span> 
     </span>
     <span class='ocr_line' id='line_1_40' title="bbox 240 1824 1336 1866; baseline 0.001 -9"><span class='ocrx_word' id='word_1_190' title='bbox 240 1824 342 1857; x_wconf 91' lang='lat' dir='ltr'>Tuam</span> <span class='ocrx_word' id='word_1_191' title='bbox 370 1824 508 1857; x_wconf 88' lang='lat' dir='ltr'>laudans</span> <span class='ocrx_word' id='word_1_192' title='bbox 534 1825 717 1866; x_wconf 86' lang='lat' dir='ltr'>largitatem</span> <span class='ocrx_word' id='word_1_193' title='bbox 839 1825 919 1859; x_wconf 86' lang='lat'>101.</span> <span class='ocrx_word' id='word_1_194' title='bbox 934 1824 1096 1857; x_wconf 85' lang='lat' dir='ltr'>Deficiant</span> <span class='ocrx_word' id='word_1_195' title='bbox 1121 1825 1205 1857; x_wconf 90' lang='lat' dir='ltr'>sicut</span> <span class='ocrx_word' id='word_1_196' title='bbox 1230 1824 1336 1858; x_wconf 87' lang='lat' dir='ltr'>fumus</span> 
     </span>
     <span class='ocr_line' id='line_1_41' title="bbox 236 1873 1381 1914; baseline -0.001 -8"><span class='ocrx_word' id='word_1_197' title='bbox 236 1873 399 1907; x_wconf 89' lang='lat' dir='ltr'>Invocabo</span> <span class='ocrx_word' id='word_1_198' title='bbox 425 1878 458 1905; x_wconf 89' lang='lat' dir='ltr'>te</span> <span class='ocrx_word' id='word_1_199' title='bbox 482 1873 644 1914; x_wconf 87' lang='lat' dir='ltr'>precibus,</span> <span class='ocrx_word' id='word_1_200' title='bbox 933 1874 997 1906; x_wconf 90' lang='lat' dir='ltr'>Per</span> <span class='ocrx_word' id='word_1_201' title='bbox 1020 1878 1052 1907; x_wconf 87' lang='lat' dir='ltr'>te</span> <span class='ocrx_word' id='word_1_202' title='bbox 1077 1877 1265 1907; x_wconf 85' lang='lat' dir='ltr'>cunctorum</span> <span class='ocrx_word' id='word_1_203' title='bbox 1292 1874 1381 1914; x_wconf 89' lang='lat' dir='ltr'>vitia,</span> 
     </span>
     <span class='ocr_line' id='line_1_42' title="bbox 236 1921 1392 1965; baseline -0.001 -10"><span class='ocrx_word' id='word_1_204' title='bbox 236 1921 283 1955; x_wconf 89' lang='lat' dir='ltr'>Ut</span> <span class='ocrx_word' id='word_1_205' title='bbox 307 1931 367 1963; x_wconf 84' lang='lat' dir='ltr'>per</span> <span class='ocrx_word' id='word_1_206' title='bbox 391 1924 480 1955; x_wconf 83' lang='lat' dir='ltr'>tuam</span> <span class='ocrx_word' id='word_1_207' title='bbox 506 1922 662 1965; x_wconf 85' lang='lat' dir='ltr'>pietatem</span> <span class='ocrx_word' id='word_1_208' title='bbox 934 1922 1056 1961; x_wconf 77' lang='lat' dir='ltr'>Quibus</span> <span class='ocrx_word' id='word_1_209' title='bbox 1083 1922 1247 1956; x_wconf 84' lang='lat' dir='ltr'>debitores</span> <span class='ocrx_word' id='word_1_210' title='bbox 1273 1932 1392 1965; x_wconf 86' lang='lat' dir='ltr'>sumus,</span> 
     </span>
     <span class='ocr_line' id='line_1_43' title="bbox 237 1969 1337 2012; baseline 0.001 -8"><span class='ocrx_word' id='word_1_211' title='bbox 237 1971 293 2005; x_wconf 83' lang='lat' dir='ltr'>Me</span> <span class='ocrx_word' id='word_1_212' title='bbox 317 1971 436 2004; x_wconf 89' lang='lat' dir='ltr'>liberes</span> <span class='ocrx_word' id='word_1_213' title='bbox 462 1971 503 2004; x_wconf 90' lang='lat' dir='ltr'>ab</span> <span class='ocrx_word' id='word_1_214' title='bbox 530 1971 689 2005; x_wconf 89' lang='lat' dir='ltr'>hostibus.</span> <span class='ocrx_word' id='word_1_215' title='bbox 933 1969 1199 2012; x_wconf 85' lang='lat' dir='ltr'>Coronanturque</span> <span class='ocrx_word' id='word_1_216' title='bbox 1224 1972 1337 2012; x_wconf 82' lang='lat' dir='ltr'>gloria.</span> 
     </span>
     <span class='ocr_line' id='line_1_44' title="bbox 477 2039 964 2083; baseline -0.004 -9"><span class='ocrx_word' id='word_1_217' title='bbox 477 2041 555 2074; x_wconf 86' lang='lat'>102.</span> <span class='ocrx_word' id='word_1_218' title='bbox 585 2040 699 2073; x_wconf 85' lang='lat' dir='ltr'>Gloria</span> <span class='ocrx_word' id='word_1_219' title='bbox 723 2039 795 2080; x_wconf 90' lang='lat' dir='ltr'>tibi,</span> <span class='ocrx_word' id='word_1_220' title='bbox 824 2039 964 2083; x_wconf 89' lang='lat' dir='ltr'>domina,</span> 
     </span>
     <span class='ocr_line' id='line_1_45' title="bbox 585 2088 1044 2130; baseline -0.002 -8"><span class='ocrx_word' id='word_1_221' title='bbox 585 2089 673 2130; x_wconf 89' lang='lat' dir='ltr'>Quae</span> <span class='ocrx_word' id='word_1_222' title='bbox 698 2097 758 2129; x_wconf 87' lang='lat' dir='ltr'>per</span> <span class='ocrx_word' id='word_1_223' title='bbox 782 2088 847 2121; x_wconf 88' lang='lat' dir='ltr'>iter</span> <span class='ocrx_word' id='word_1_224' title='bbox 871 2089 1044 2128; x_wconf 86' lang='lat' dir='ltr'>impiorum</span> 
     </span>
     <span class='ocr_line' id='line_1_46' title="bbox 584 2137 1027 2179; baseline -0.005 -7"><span class='ocrx_word' id='word_1_225' title='bbox 584 2138 719 2179; x_wconf 83' lang='lat' dir='ltr'>Spargis</span> <span class='ocrx_word' id='word_1_226' title='bbox 744 2137 868 2178; x_wconf 87' lang='lat' dir='ltr'>gratiae</span> <span class='ocrx_word' id='word_1_227' title='bbox 894 2138 1027 2179; x_wconf 87' lang='lat' dir='ltr'>semina,</span> 
     </span>
     <span class='ocr_line' id='line_1_47' title="bbox 583 2186 1093 2220; baseline 0 0"><span class='ocrx_word' id='word_1_228' title='bbox 583 2186 629 2220; x_wconf 92' lang='lat' dir='ltr'>Ut</span> <span class='ocrx_word' id='word_1_229' title='bbox 654 2188 738 2219; x_wconf 90' lang='lat' dir='ltr'>viam</span> <span class='ocrx_word' id='word_1_230' title='bbox 764 2190 901 2219; x_wconf 89' lang='lat' dir='ltr'>noscant</span> <span class='ocrx_word' id='word_1_231' title='bbox 923 2186 1093 2220; x_wconf 86' lang='lat' dir='ltr'>iustorum.</span> 
     </span>
     <span class='ocr_line' id='line_1_48' title="bbox 738 2253 862 2287; baseline -0.016 0"><span class='ocrx_word' id='word_1_232' title='bbox 738 2253 862 2287; x_wconf 90' lang='lat' dir='ltr'>XVIII.</span> 
     </span>
     <span class='ocr_line' id='line_1_49' title="bbox 237 2312 1395 2355; baseline 0 -9"><span class='ocrx_word' id='word_1_233' title='bbox 237 2313 326 2346; x_wconf 86' lang='lat' dir='ltr'>Caeli</span> <span class='ocrx_word' id='word_1_234' title='bbox 353 2317 507 2348; x_wconf 89' lang='lat' dir='ltr'>enarrant</span> <span class='ocrx_word' id='word_1_235' title='bbox 531 2314 667 2355; x_wconf 86' lang='lat' dir='ltr'>gloriam</span> <span class='ocrx_word' id='word_1_236' title='bbox 839 2315 918 2348; x_wconf 86' lang='lat'>104.</span> <span class='ocrx_word' id='word_1_237' title='bbox 934 2313 1018 2347; x_wconf 88' lang='lat' dir='ltr'>Solis</span> <span class='ocrx_word' id='word_1_238' title='bbox 1043 2316 1135 2347; x_wconf 89' lang='lat' dir='ltr'>actor</span> <span class='ocrx_word' id='word_1_239' title='bbox 1160 2312 1265 2346; x_wconf 83' lang='lat' dir='ltr'>factus</span> <span class='ocrx_word' id='word_1_240' title='bbox 1290 2313 1395 2355; x_wconf 90' lang='lat' dir='ltr'>homo,</span> 
     </span>
     <span class='ocr_line' id='line_1_50' title="bbox 237 2362 1379 2408; baseline -0.001 -12"><span class='ocrx_word' id='word_1_241' title='bbox 237 2362 336 2408; x_wconf 82' lang='lat' dir='ltr'>Tuae,</span> <span class='ocrx_word' id='word_1_242' title='bbox 364 2364 465 2405; x_wconf 80' lang='lat' dir='ltr'>virgo,</span> <span class='ocrx_word' id='word_1_243' title='bbox 492 2373 628 2405; x_wconf 83' lang='lat' dir='ltr'>magnae</span> <span class='ocrx_word' id='word_1_244' title='bbox 648 2363 761 2403; x_wconf 87' lang='lat' dir='ltr'>prolis,</span> <span class='ocrx_word' id='word_1_245' title='bbox 933 2363 971 2395; x_wconf 90' lang='lat' dir='ltr'>In</span> <span class='ocrx_word' id='word_1_246' title='bbox 998 2366 1031 2395; x_wconf 94' lang='lat' dir='ltr'>te</span> <span class='ocrx_word' id='word_1_247' title='bbox 1059 2362 1194 2403; x_wconf 86' lang='lat' dir='ltr'>dignans</span> <span class='ocrx_word' id='word_1_248' title='bbox 1221 2362 1379 2405; x_wconf 86' lang='lat' dir='ltr'>habitare,</span> 
     </span>
    </p>
   </div>
   <div class='ocr_carea' id='block_1_11' title="bbox 233 2411 1459 2502">
    <p class='ocr_par' dir='ltr' id='par_1_11' title="bbox 233 2411 1459 2502">
     <span class='ocr_line' id='line_1_51' title="bbox 235 2411 1459 2455; baseline 0.002 -11"><span class='ocrx_word' id='word_1_249' title='bbox 235 2411 325 2451; x_wconf 86' lang='lat' dir='ltr'>Quae</span> <span class='ocrx_word' id='word_1_250' title='bbox 349 2421 409 2454; x_wconf 90' lang='lat' dir='ltr'>per</span> <span class='ocrx_word' id='word_1_251' title='bbox 432 2413 614 2454; x_wconf 86' lang='lat' dir='ltr'>pneumatis</span> <span class='ocrx_word' id='word_1_252' title='bbox 637 2412 772 2455; x_wconf 83' lang='lat' dir='ltr'>gratiam</span> <span class='ocrx_word' id='word_1_253' title='bbox 930 2411 997 2444; x_wconf 91' lang='lat' dir='ltr'>Dat</span> <span class='ocrx_word' id='word_1_254' title='bbox 1021 2420 1079 2444; x_wconf 89' lang='lat' dir='ltr'>nos</span> <span class='ocrx_word' id='word_1_255' title='bbox 1108 2411 1220 2453; x_wconf 84' lang='lat' dir='ltr'>dignos</span> <span class='ocrx_word' id='word_1_256' title='bbox 1248 2413 1327 2445; x_wconf 88' lang='lat' dir='ltr'>caeli</span> <span class='ocrx_word' id='word_1_257' title='bbox 1355 2412 1459 2455; x_wconf 90' lang='lat' dir='ltr'>domo,</span> 
     </span>
     <span class='ocr_line' id='line_1_52' title="bbox 233 2460 1424 2502; baseline -0.001 -6"><span class='ocrx_word' id='word_1_258' title='bbox 233 2461 292 2496; x_wconf 86' lang='lat' dir='ltr'>Fis</span> <span class='ocrx_word' id='word_1_259' title='bbox 318 2466 422 2495; x_wconf 87' lang='lat' dir='ltr'>mater</span> <span class='ocrx_word' id='word_1_260' title='bbox 446 2462 565 2495; x_wconf 88' lang='lat' dir='ltr'>actoris</span> <span class='ocrx_word' id='word_1_261' title='bbox 591 2462 680 2495; x_wconf 69' lang='lat' dir='ltr'>solis,</span> <span class='ocrx_word' id='word_1_262' title='bbox 930 2460 1007 2500; x_wconf 90' lang='lat' dir='ltr'>Quis</span> <span class='ocrx_word' id='word_1_263' title='bbox 1033 2460 1121 2493; x_wconf 79' lang='lat' dir='ltr'>valet</span> <span class='ocrx_word' id='word_1_264' title='bbox 1144 2461 1206 2493; x_wconf 87' lang='lat' dir='ltr'>hoc</span> <span class='ocrx_word' id='word_1_265' title='bbox 1231 2462 1394 2502; x_wconf 79' lang='lat' dir='ltr'>explicare</span> <span class='ocrx_word' id='word_1_266' title='bbox 1406 2463 1424 2495; x_wconf 67' lang='lat'>2³</span> 
     </span>
    </p>
   </div>
  </div>
 </body>
</html>
