1655 2726
182 214 237 248 37.

190 822 245 855 38.

198 1426 252 1459 39.

201 2044 257 2077 40.

702 106 962 142 -110—

253 213 398 254 Domine,
426 221 466 244 ne
491 213 524 245 in
549 209 668 251 furore,

255 263 352 302 Quem
378 261 431 303 pio
456 264 511 293 tuo
538 267 651 292 cruore

300 309 488 350 Redemisti,
512 316 563 339 me
587 315 713 347 arguas,

255 358 337 391 Nam
363 357 465 390 sentio
492 365 562 388 cum
589 355 700 388 dolore

255 407 292 440 In
318 407 439 446 meipso
466 406 635 445 peccatore

306 454 452 487 Confixas
478 452 611 493 sagittas
636 454 718 492 tuas,

256 503 346 535 Sicut
369 502 509 542 virgines
534 499 639 533 fatuas

258 552 398 590 Propter
422 549 589 591 lampades
614 554 729 579 vacuas

305 598 479 631 Exclusum
504 606 555 629 me
580 604 649 628 cum
674 594 791 627 rubore

258 648 303 680 Et
327 648 368 679 ad
393 654 513 688 poenas
538 645 722 684 perpetuas,

260 695 332 728 Nisi
357 697 465 728 reatus
492 693 605 735 diluas,

307 743 525 775 Festinantem
554 749 623 773 cum
648 743 797 771 tremore.

261 820 359 853 Dixi:
386 819 562 851 custodiam
589 818 655 850 vias

261 868 370 901 Patris
394 866 656 908 praeparatorias

310 916 372 948 Per
399 914 539 948 debitum
563 912 743 951 silentium3

262 964 350 996 Deus
374 971 473 1005 meus,
500 966 536 994 tu
559 960 683 993 nescias

262 1013 329 1044 Aut
354 1014 515 1051 tamquam
540 1008 665 1041 nescius
692 1007 758 1049 fiaS,

312 1059 346 1092 Si
373 1059 422 1101 egi
446 1059 480 1090 in
507 1056 710 1099 contrarium,

265 1108 308 1140 Et
334 1108 363 1139 si
386 1108 513 1148 linguae
537 1106 580 1137 sit
604 1104 715 1138 vitium

265 1156 375 1189 Ortum
402 1156 435 1187 in
461 1152 691 1194 praeiudicium

316 1203 516 1236 Servantium
543 1200 691 1243 iustitias,

265 1253 390 1285 Bonum
415 1253 521 1282 tamen
551 1249 709 1290 eloquium

265 1298 383 1332 Reficit
406 1297 601 1332 audientium

316 1347 423 1380 Corda
447 1347 596 1386 mitigans
623 1343 735 1377 furias.

267 1426 469 1464 Exspectans
496 1422 678 1463 exspectavi
703 1424 744 1462 te,

267 1473 366 1515 Deus,
393 1474 429 1504 ut
451 1481 502 1503 me
528 1471 568 1502 de
592 1469 718 1511 gurgite

316 1520 445 1553 Educas
472 1522 504 1551 et
525 1519 592 1551 luto
618 1515 727 1557 faecis,

271 1570 353 1603 Nam
379 1568 533 1608 scriptum
560 1569 609 1598 est
632 1565 666 1597 in
692 1564 797 1603 capite

269 1617 372 1658 Libri,
400 1616 485 1658 quod
510 1615 595 1648 vitae
620 1613 768 1654 perditae

320 1665 433 1697 Surdis
460 1663 602 1696 succuris
628 1664 660 1693 et
685 1660 807 1700 caecis3

270 1714 343 1746 Hoc
366 1714 398 1744 in
423 1711 581 1744 Hebraeis
608 1712 640 1742 et
664 1708 796 1742 Graecis

271 1761 364 1794 Datis
389 1760 539 1801 periculis
563 1758 652 1791 necis

319 1809 388 1842 Iam
413 1808 517 1849 patuit
542 1805 703 1848 explicite,

272 1859 356 1891 Nam
383 1866 436 1889 eos
461 1857 492 1887 vi
518 1864 594 1887 suae
618 1854 724 1895 precis

271 1907 447 1939 Extractae
474 1905 514 1937 de
538 1904 605 1935 suis
629 1902 731 1934 thecis

319 1953 492 1986 Exaudisti
517 1951 665 1994 gratuite.

273 2044 403 2080 Beatus,
431 2040 485 2080 qui
507 2037 668 2079 intellegit

272 2092 317 2124 Et
341 2090 481 2130 seipsum
506 2096 571 2120 non
595 2085 745 2126 neglegit,

322 2139 504 2179 Antequam
529 2135 573 2167 sit
596 2134 708 2166 mortis
733 2132 823 2173 hora,

272 2186 433 2225 1nfirmus,
460 2185 513 2225 qui
539 2192 574 2215 se
598 2182 702 2223 erigit,

274 2237 383 2276 Atque
408 2242 514 2275 sanus,
542 2232 596 2272 qui
622 2230 733 2271 dirigit

322 2283 464 2315 Mentem
491 2282 532 2314 ad
561 2283 594 2312 te
617 2278 686 2312 sine
709 2286 809 2318 mora,

273 2332 314 2368 In
339 2330 541 2364 confessione
562 2330 634 2361 lora

275 2380 406 2414 Tollens
433 2377 554 2419 aperiri
580 2386 636 2409 ora

324 2429 526 2462 Paenitentia.
550 2425 649 2466 exigit

870 371 925 404 41.

876 969 931 1000 42.

883 1575 939 1607 43.

889 2184 945 2217 44.

937 205 991 246 Et,
1019 212 1160 246 quaeque
1184 203 1259 235 sunt
1282 200 1445 240 indecora,

939 252 1115 285 Locutione
1138 259 1256 284 sonora

988 302 1020 334 A
1045 309 1081 332 se
1105 300 1251 341 protinus
1277 296 1389 338 abigit.

941 367 1213 408 Quemadmodum
1238 365 1402 398 desiderat

942 417 1062 450 Cervus
1086 415 1189 449 fon-tes
1215 418 1247 447 et
1270 416 1434 455 properat,

990 466 1037 499 Ut
1060 466 1219 505 temperet
1242 463 1329 494 sitim
1354 469 1454 501 suam,

942 514 991 546 Ita
1017 513 1057 546 ad
1084 516 1116 544 te
1141 512 1310 551 accelerat,

944 562 1002 601 Qui
1028 565 1060 593 te
1085 559 1205 593 fontem
1232 558 1415 591 considerat

991 610 1126 642 Dantem
1154 616 1268 648 aquam
1290 608 1497 647 perpetuam3

943 658 996 690 Ad
1022 657 1157 699 gratiam
1183 664 1257 697 ergo
1282 658 1371 687 tuam

944 707 1020 739 Plus
1053 714 1147 746 quam
1172 703 1293 737 fontem
1320 700 1497 742 largifluam

991 755 1047 794 Et,
1078 761 1159 793 quae
1183 760 1310 792 semper
1334 750 1500 791 exuberat,

946 802 1002 836 Cio
1029 802 1166 834 animam
1192 801 1330 840 viduam,

945 851 991 884 Ut
1016 859 1085 882 eam
1110 850 1197 881 ultra
1218 856 1352 881 vacuam

994 898 1067 931 Non
1092 897 1269 938 permittat,
1295 899 1331 928 ut
1355 893 1471 927 fuerat.

946 966 1059 999 ludica
1082 974 1144 1007 me,
1169 964 1269 1005 Deus,
1295 964 1350 1004 pio

948 1013 1083 1046 Pietatis
1105 1012 1224 1045 iudicio

994 1062 1083 1094 Iusto
1108 1060 1212 1101 sopito
1235 1059 1353 1100 rigore,

948 1110 1031 1142 Nam
1056 1109 1143 1149 rigor
1167 1109 1283 1140 sedens
1309 1107 1389 1140 solio

947 1158 1045 1190 Esset
1069 1157 1147 1189 mihi
1172 1156 1314 1196 perditio

999 1206 1130 1239 Carenti
1152 1206 1371 1244 procuratore,

951 1254 1014 1286 Sed
1041 1254 1068 1285 si
1094 1255 1218 1285 constet
1242 1251 1288 1284 ibi
1314 1251 1385 1284 fore

952 1302 1108 1334 Pietatem
1134 1310 1193 1341 pro
1218 1302 1379 1341 praetore,

999 1350 1090 1382 Tunc
1115 1349 1205 1390 quasi
1231 1356 1362 1381 securus
1387 1347 1429 1380 fio

953 1398 1154 1439 Supponens,
1181 1396 1266 1437 quod
1292 1405 1363 1428 cum
1387 1395 1499 1429 favore

953 1445 1199 1479 condescendat
1223 1453 1279 1477 suo
1305 1453 1394 1477 more

1002 1493 1184 1527 Paenitenti
1206 1494 1364 1534 precario.

954 1572 1052 1610 Deus,
1079 1570 1208 1603 auribus
1233 1571 1403 1602 tumultum

957 1619 1132 1654 Considera
1158 1621 1189 1650 et
1213 1619 1367 1650 insultum

1003 1667 1070 1700 Mei
1097 1667 1234 1708 duplicis
1258 1667 1396 1699 hominis

957 1717 1002 1749 Et
1013 1715 1076 1757 fac,
1096 1715 1180 1756 quod
1197 1715 1302 1747 latens
1319 1724 1379 1756 per
1395 1716 1514 1748 cultum

956 1764 1165 1797 Forinsecum
1191 1764 1411 1803 consepultum

1005 1812 1136 1845 Reddat
1159 1814 1190 1843 et
1212 1812 1246 1843 vi
1270 1812 1453 1853 regiminis3

958 1861 1051 1901 Nam,
1078 1860 1140 1892 nisi
1165 1863 1200 1891 tu
1224 1860 1394 1893 iuvaminis

958 1909 995 1941 ln
1021 1906 1171 1941 conflictu
1192 1909 1377 1941 certaminis

1006 1958 1136 1990 Latenti
1161 1959 1308 1997 praestes
1331 1957 1503 2002 indultum,

958 2006 1052 2038 Alter
1079 2006 1119 2037 de
1143 2008 1220 2038 nota.
1245 2006 1387 2038 criminis

960 2054 1098 2086 Vincens
1124 2057 1156 2086 et
1178 2054 1389 2095 turpitudinis

1007 2100 1133 2134 Inficiet
1158 2101 1225 2134 eius
1252 2102 1383 2135 vultum.

960 2179 1133 2213 Eructavit
1158 2188 1213 2211 cor
1238 2179 1411 2212 fecundum

960 2228 1104 2261 Verbum
1128 2228 1247 2260 bonum
1273 2231 1306 2260 et
1328 2229 1505 2262 iucundum

1008 2275 1134 2309 Diffusa
1156 2278 1212 2308 tua
1237 2277 1352 2320 gratia,

962 2325 1028 2359 Sed
1052 2324 1162 2366 lingua,
1189 2334 1271 2367 mea,
1297 2326 1474 2359 seeundum

962 2374 1054 2415 Quod
1076 2374 1198 2406 nullum
1215 2374 1314 2406 habes
1334 2376 1522 2415 secundum,

1010 2422 1057 2455 Te
1082 2421 1240 2455 laudandi
1266 2426 1315 2455 est
1339 2423 1459 2465 nescia,
