1655 2726
749 138 1008 174 —144—

221 238 301 272 257.
318 236 414 277 Rapit
439 239 542 269 autem
571 235 770 268 daemonium

319 285 402 317 Huic
426 285 568 317 habitum
597 283 778 315 clericalem

316 333 360 365 Et
385 335 460 364 ante
484 331 570 372 regis
596 332 710 363 solium

315 380 519 413 Homicidam
544 378 672 419 profert
695 380 802 413 talem.

222 458 302 490 258.
317 456 427 488 Talem
455 458 596 488 sanctam
622 463 692 487 esse
716 458 833 495 putans

317 504 386 536 Rex
411 504 544 536 audiens
571 504 651 535 haec
675 504 808 544 stupuit⁷

314 552 373 591 Qui
399 552 438 584 ab
467 561 502 583 ea
528 559 595 582 rem
622 555 828 590 perscrutans

313 599 454 632 indicias
480 600 560 631 haec
584 598 743 639 praebuit.

218 677 300 710 2359.
316 676 469 709 Praebuit
491 685 527 707 se
552 678 628 708 tunc
654 684 722 708 cons
731 676 781 708 cia

314 725 389 756 'l'ibi
413 728 523 762 totam,
550 732 567 755 o
593 723 709 763 Maria,

316 770 476 805 Confitens
502 781 560 803 sua
584 772 664 803 vitia

315 820 483 852 Sacerdoti
508 818 572 851 fide
595 820 660 861 pia.

220 899 300 931 260.
316 898 382 940 Pia,
410 897 526 935 Maria,
553 896 637 929 facie

311 946 403 978 Tunc
427 946 460 977 in
487 955 555 977 eam
581 946 737 985 aspexisti

312 995 362 1026 Ac
382 1002 488 1025 secum
515 997 603 1026 stans
629 994 660 1025 in
688 994 758 1025 acie

313 1041 427 1074 Coram
453 1051 528 1082 rege
553 1042 732 1081 protexisti,

219 1119 300 1152 261.
316 1118 375 1151 Isti
401 1119 459 1151 tibi
487 1119 532 1150 sic
558 1119 743 1150 commissae

310 1167 459 1199 Animam
479 1166 618 1198 reddens
632 1170 695 1198 tam
709 1169 844 1207 gratam,

312 1214 403 1253 Quod
428 1215 512 1247 hanc
539 1215 621 1247 dixit
646 1223 710 1246 non
736 1213 835 1246 fuisse

312 1262 454 1295 Daemon
482 1262 549 1303 regi
575 1263 775 1295 sceleratam.

218 1339 298 1371 262.
313 1338 508 1371 sceleratam
537 1339 619 1371 dixit
642 1339 744 1371 hostis

312 1387 426 1420 Coram
451 1390 494 1427 te,
520 1395 588 1426 rex,
616 1387 773 1426 accusavi,

312 1434 383 1466 Non
390 1435 481 1476 hanc,
487 1444 579 1474 quam
587 1444 702 1467 vossan
707 1439 787 1467 ctam
793 1435 902 1475 nostis,

313 1485 411 1521 Quam
439 1492 497 1514 nec
519 1483 594 1514 novi
618 1491 678 1514 nec
702 1483 821 1516 notavi.

218 1560 295 1593 263.
314 1560 342 1591 A
370 1559 553 1592 videntibus
577 1563 708 1601 stupore

313 1607 422 1639 'Factis
450 1607 533 1639 facto
560 1608 649 1648 signo
677 1608 780 1640 crucis

316 1655 470 1687 Discessit
496 1655 599 1688 veloci
621 1664 710 1687 more

311 1702 389 1734 Mox
415 1704 571 1743 malignus
597 1704 697 1736 hostis
722 1704 813 1735 lucis.

216 1780 295 1813 264.
311 1779 409 1812 Lucis
436 1782 548 1822 mater,
575 1790 592 1812 o
614 1780 731 1821 Maria,

311 1827 467 1860 Tenebris
494 1828 562 1860 visa
585 1829 703 1870 lucere,

311 1875 492 1908 Homicidis
518 1874 605 1908 facta
629 1876 695 1917 pia,

311 1923 378 1956 Mei
403 1925 498 1957 modo
523 1925 686 1957 miserere.

910 237 988 269 265.
1005 235 1162 267 Miserere
1188 236 1349 275 consueta,

1005 283 1118 315 Peram
1144 286 1277 322 portans
1301 281 1444 322 pietatis,

1002 330 1034 362 A
1059 330 1196 363 Domino
1221 338 1382 369 nunquam
1407 331 1520 368 spreta

1003 377 1100 410 Hunc
1126 379 1249 410 orando
1274 386 1335 417 pro
1360 377 1515 416 peccatis

907 456 987 488 266.
1003 455 1066 487 Pro
1093 455 1235 494 peccatis
1259 453 1436 485 innumeris

1002 502 1108 534 Multa
1134 510 1263 541 passum
1290 503 1323 532 et
1346 510 1517 541 passurum

1001 550 1032 582 A
1057 550 1169 590 poenis
1196 549 1296 581 Satan
1321 549 1446 589 asperis

1002 597 1131 630 Salvum
1158 606 1208 629 me
1232 596 1285 629 fac
1309 601 1339 629 et
1365 606 1523 631 securum.

907 676 987 708 267.
1003 674 1156 707 Securum
1181 675 1335 718 reddens,
1363 674 1479 719 Maria,

1000 723 1057 756 Me
1088 724 1250 756 mundano
1277 721 1415 756 fractum
1444 722 1537 764 festo,

1002 770 1102 804 Laeto
1127 771 1222 804 nimis
1248 775 1316 803 esto
1340 772 1403 812 via,

1003 819 1142 852 Laetitia
1168 829 1295 861 quoque
1319 823 1452 853 maesto.

906 898 986 930 268.
1001 896 1081 930 Esto
1108 897 1186 929 mihi
1211 900 1337 930 scutum
1363 897 1448 929 forte

1000 945 1134 978 Infirma
1158 948 1270 977 ‘tenens
1298 947 1424 985 virium,

999 995 1030 1026 A
1057 994 1182 1033 peccati
1207 994 1337 1026 salvans
1362 997 1466 1026 morte

999 1042 1064 1083 Me,
1091 1042 1191 1086 virgo,
1218 1043 1272 1073 lex
1297 1043 1518 1083 pugnantium.

905 1119 985 1151 269.
1000 1118 1213 1159 Pugnantium
1246 1119 1356 1159 vigent
1379 1119 1465 1151 vires

1000 1166 1063 1199 Per
1087 1169 1119 1197 te
1144 1166 1205 1199 iam
1231 1166 1408 1208 fortificati‚

997 1214 1082 1246 Mihi
1108 1223 1182 1255 ergo
1207 1215 1273 1246 vim
1297 1215 1447 1258 inspires,

1001 1261 1193 1302 Reparatrix
1219 1264 1408 1299 conculcati.

905 1340 985 1372 270.
1001 1340 1162 1378 Quatenus
1188 1349 1259 1372 mea
1284 1342 1391 1373 anima

1002 1387 1040 1420 In
1067 1388 1140 1420 Iesu
1166 1391 1259 1428 parte
1283 1389 1421 1421 laetetur

1001 1434 1044 1467 Et
1069 1436 1102 1467 in
1126 1439 1166 1478 te,
1196 1437 1390 1479 beatissima,

1002 1482 1082 1523 Spes
1107 1484 1249 1517 iucunda
1275 1486 1463 1521 delectetur.

907 1561 986 1593 271.
1001 1560 1188 1594 Delectetur
1211 1566 1240 1594 et
1269 1563 1395 1597 bonitas

1000 1608 1070 1641 Tua
1094 1610 1172 1642 meis
1198 1611 1231 1643 in
1257 1612 1418 1653 laudibus.

999 1657 1117 1698 Mater,
1135 1668 1194 1699 per
1207 1669 1300 1699 quam
1316 1662 1537 1702 tranquillitas

999 1704 1043 1737 Et
1067 1715 1131 1746 pax
1160 1708 1255 1739 datur
1277 1708 1470 1746 hominibus.

904 1783 984 1816 272.
1001 1782 1194 1816 Hominibus
1219 1785 1402 1819 nullatenus

1000 1830 1170 1864 Dabuntur
1196 1834 1275 1865 caeli
1301 1836 1429 1878 gaudia,

1000 1878 1073 1911 Non
1101 1880 1279 1913 colentibus
1303 1882 1456 1916 hactenus

999 1927 1056 1968 Te,
1083 1927 1200 1972 Maria,
1228 1939 1298 1962 cum
1324 1933 1437 1973 gloria.

562 2003 641 2036 273.
658 2001 771 2035 Gloria
795 2003 866 2044 tibi,
895 2004 1033 2045 domina,

654 2050 741 2088 Quae
765 2060 824 2090 per
848 2051 911 2084 iter
935 2053 1106 2092 impiorum

654 2099 787 2139 Spargis
814 2101 937 2139 gratiae
962 2102 1095 2143 semina,

654 2147 701 2180 Ut
725 2150 862 2180 noscant
885 2149 954 2181 vias
978 2149 1146 2184 iustorum.

804 2235 941 2269 XXXV.

213 2302 293 2335 274.
307 2302 401 2334 Dixit
425 2305 514 2334 secta
539 2302 672 2334 Iudaica

308 2350 481 2383 Incredula
505 2359 564 2391 per
589 2350 714 2383 odium:

307 2398 379 2430 Non
406 2403 454 2431 est,
479 2398 560 2431 fides
588 2399 739 2440 veridica,

308 2447 400 2486 Quod
428 2448 517 2488 virgo
545 2448 636 2480 dedit
658 2447 768 2480 filium.

905 2305 984 2337 275.
1000 2303 1119 2338 Filium
1143 2307 1197 2341 lex
1223 2314 1448 2350 praeostendit,

998 2352 1205 2390 Nasciturum
1232 2359 1273 2392 de
1296 2361 1431 2405 virgine,

999 2400 1068 2434 Nec
1087 2413 1141 2436 cor
1155 2407 1268 2439 horum
1286 2408 1348 2441 hoc
1360 2413 1538 2451 perpendit

998 2450 1148 2484 Pressum
1172 2457 1284 2487 mortis
1312 2458 1461 2498 caligine.
