1655 2726
278 236 334 268 45.
361 236 441 275 Ave,
470 234 538 266 dies

409 283 494 316 diem
517 282 710 315 annuntians

360 331 405 364 Et
431 330 495 364 diei

407 380 532 412 noctem
559 378 743 422 concinam,

362 428 459 461 Nocti
486 427 569 458 enim

411 476 503 509 datus
530 477 579 507 est
601 476 768 517 terminus,

361 524 442 564 Quia
465 523 499 554 in
523 526 556 554 te

406 571 552 614 regnavit
576 572 742 605 Dominus.

358 630 439 671 Ave,
465 628 528 660 Dei

408 677 501 710 sedes
527 679 559 708 et
582 677 695 720 gloria,

356 726 421 758 Per
446 733 540 765 quam
565 725 663 757 rectis

408 773 506 805 corde
527 773 655 805 laetitia

358 822 402 854 Et
426 822 482 853 lux
506 822 578 852 orta

403 868 496 901 iustis
521 869 682 909 apparuit,

358 917 446 949 Tuae
471 916 576 948 carnis

405 972 487 1005 quae
509 963 594 996 nube
618 964 723 998 latuit.

360 1023 441 1065 Ave,
464 1022 552 1053 cuius

406 1070 545 1102 salvavit
571 1070 712 1113 dextera,

357 1118 441 1157 Quos
466 1117 634 1159 premebat

403 1168 545 1206 potestas
571 1168 691 1208 extera,

358 1213 422 1246 Per
446 1222 540 1254 quam
565 1217 675 1254 gentes

408 1264 439 1293 et
463 1263 569 1293 terrae
592 1262 722 1293 termini

359 1309 507 1341 Salutate

407 1357 558 1390 viderunt
580 1356 719 1391 Domini.

275 630 331 664 46.

278 1023 335 1055 47.

794 159 842 163 -
890 137 936 174 36
986 157 1029 162 .-

964 235 1020 268 48.

961 629 1019 662 49.

962 1025 1017 1057 50.

1046 235 1127 276 Ave,
1155 233 1243 265 cuius

1094 291 1210 316 nomen
1233 279 1391 319 mirabile,

1047 330 1146 363 Bonis
1171 332 1323 373 sanctum,

1095 379 1188 411 maiis
1212 377 1368 417 terribile,

1046 426 1133 467 Ergo
1159 429 1249 458 tanto

1095 477 1257 507 cantemus
1281 472 1411 513 nomini,

1047 522 1110 554 Per
1136 523 1221 562 quod
1247 522 1333 554 salus

1092 571 1230 602 accessit
1254 570 1384 603 homini.

1045 628 1126 669 Ave,
1154 628 1242 660 cuius

1091 679 1217 718 portam
1244 679 1277 708 et
1301 675 1417 709 atrium

1044 725 1197 758 Introivit

1093 773 1236 805 salvator
1261 773 1408 815 omnium,

1043 820 1090 854 Ut
1114 830 1173 861 per
1197 830 1301 853 novae

1093 869 1205 901 salutis
1230 869 1356 902 ianuam

1045 917 1243 950 Intraremus

1094 966 1136 997 ad
1163 966 1244 997 caeli
1268 972 1428 1005 pascuam.

1043 1024 1125 1066 Ave,
1153 1024 1240 1055 cuius

1092 1071 1315 1103 misericordia

1042 1119 1098 1151 Me
1126 1122 1292 1151 conservet

1090 1167 1124 1198 in
1147 1167 1339 1208 innocentia,

1043 1214 1096 1246 Ne
1119 1215 1180 1246 sim
1204 1215 1301 1248 eorde

1091 1263 1282 1295 insatiabilis

1044 1311 1103 1343 Vel
1128 1311 1293 1355 superbus,

1090 1359 1147 1391 sed
1173 1359 1309 1401 simplex
1333 1359 1471 1393 humilis

674 1443 823 1477 Tertia
847 1445 1159 1485 Quinquagena.

299 1511 330 1544 1.
356 1511 437 1551 Ave,
466 1510 553 1541 cuius

406 1559 547 1590 solamen
572 1558 655 1600 sitio,

358 1607 437 1646 Quia
461 1606 543 1637 sieut

403 1653 508 1686 fumus
533 1653 658 1699 deficio,

357 1702 402 1735 Et
427 1712 481 1735 cor
504 1711 609 1734 meum

406 1754 443 1783 ut
466 1749 595 1782 foenum
620 1752 714 1791 aruit,

358 1799 438 1839 Quia
462 1807 536 1830 rore

404 1847 516 1879 salutis
543 1847 654 1881 caruit.

354 1906 436 1947 Ave,
463 1907 583 1943 sancta,

404 1961 485 1994 quae
507 1953 604 1993 plena
628 1954 746 1994 spiritu

355 2002 448 2035 Paris
473 2001 575 2043 illum,

403 2050 457 2090 qui
482 2049 521 2081 ab
547 2049 678 2081 interitu

355 2098 423 2130 Nos
448 2097 586 2130 redemit

406 2149 437 2178 et
463 2146 657 2178 desiderium

357 2194 509 2227 Nostrum
535 2194 639 2234 replet

402 2243 437 2275 in
462 2251 520 2283 spe
546 2243 738 2276 caelestium.

297 2302 328 2335 3.
354 2301 435 2341 Ave,
460 2299 582 2333 fontem

403 2350 534 2381 mittens
558 2349 593 2381 111
618 2349 768 2392 vallibus,

357 2398 417 2437 Qui
443 2399 483 2431 de
507 2398 573 2429 suis

403 2446 622 2488 superioribus

1043 1512 1163 1553 Rigans
1188 1517 1311 1546 montes

1092 1561 1132 1593 de
1155 1560 1262 1594 fructu
1287 1572 1419 1604 operum

1042 1607 1179 1642 Satiavit

1092 1657 1219 1691 deserta
1242 1669 1433 1701 pauperum.

1043 1715 1125 1759 Ave,
1151 1719 1248 1761 easta,

1088 1766 1213 1808 potens,
1242 1767 1378 1808 egregia,

1042 1811 1079 1843 In
1105 1821 1166 1852 qua
1191 1812 1277 1846 Deus

1090 1858 1168 1892 fecit
1191 1863 1347 1907 prodigia,

1043 1907 1175 1946 Quando
1199 1910 1333 1943 verbum

1088 1957 1207 1989 mundo
1233 1959 1385 2005 exhibuit,

1042 2004 1096 2036 Ad
1120 2004 1286 2039 Abraham

1090 2054 1175 2092 quod
1201 2058 1362 2095 quondam
1386 2059 1510 2094 habuit.

1008 2135 1015 2143 .
1042 2110 1123 2152 Ave,
1149 2116 1262 2155 mater,

1090 2168 1149 2198 per
1174 2162 1261 2195 euius
1286 2163 1387 2197 filium

1042 2207 1155 2240 Patres
1177 2212 1280 2243 nostri

1088 2255 1195 2297 iugum
1219 2259 1414 2302 Aegyptium

1044 2302 1235 2350 Evaserant,

1092 2361 1162 2385 eum
1186 2357 1345 2392 terribilia

1041 2399 1081 2432 In
1106 2402 1253 2444 Aegypto

1091 2448 1169 2483 feeit
1192 2456 1362 2496 magnalia,
