1655 2726
210 245 265 278 30.
290 244 374 284 Ave,
399 252 481 284 quae
500 253 558 277 nos

342 292 383 325 de
406 292 518 324 mortis
543 292 657 331 laqueo

292 340 443 373 Eduxisti

342 390 438 429 partu
463 388 617 429 virgineo,

294 436 553 476 Quandocunque

344 485 443 516 ducar
468 484 510 516 ad
536 484 665 527 exitum,

293 532 402 564 Meum
427 532 488 563 tibi

345 580 530 612 commendo
556 579 715 619 spiritum.

213 658 267 691 31.
290 657 372 697 Ave,
400 657 488 689 cuius

344 713 395 736 me
420 706 512 737 sanet
532 703 652 746 unctio,

295 753 413 786 Notum
439 752 500 784 tibi

344 801 496 833 delictum
521 799 615 842 facio,

292 849 331 882 In
357 858 418 889 quo
445 849 499 881 diu

342 906 415 929 ossa
438 897 628 937 inveterant‚

296 944 410 978 Camis
435 947 539 976 motus

736 142 976 179 -30-

899 462 953 495 36.

899 876 955 909 37.

344 993 440 1025 menti
468 993 543 1024 dum
567 992 736 1032 imperant.

217 1072 271 1104 32.
298 1070 378 1108 Ave,
408 1069 506 1109 virgo,

341 1116 421 1149 felix
444 1125 614 1159 puerpera,

296 1165 391 1198 Cuius
418 1166 531 1196 cuncta

343 1213 376 1244 in
401 1211 467 1245 fide
489 1221 598 1254 opera,

298 1260 382 1293 Nam
403 1262 439 1292 tu
464 1263 566 1292 mater

345 1308 584 1340 misericordiae

299 1355 495 1390 Germinasti

343 1403 481 1436 fructum
508 1402 658 1436 iustitiae.

217 1483 271 1515 33.
298 1483 378 1520 Ave,
405 1481 491 1513 salus

345 1531 379 1560 in
402 1528 487 1561 omni
512 1532 666 1569 tempore,

297 1577 393 1611 Casto
420 1575 579 1610 Christum

344 1624 544 1657 circumdans
570 1632 713 1665 corpore,

298 1673 355 1713 Qui
383 1682 511 1705 suorum

347 1722 517 1753 intendens
541 1720 692 1753 lacrimas

298 1769 434 1802 Nostras
459 1769 513 1809 pie

345 1818 482 1850 redemit
506 1817 637 1850 animas,

215 1897 271 1929 34.
297 1896 378 1934 Ave,
407 1894 494 1926 cuius

346 1952 420 1975 caro
447 1942 590 1983 virginea

298 1992 428 2024 Seutum
455 1989 546 2022 nobis

346 2039 409 2072 fuit
433 2041 465 2071 et
489 2037 622 2079 framea,

299 2090 369 2129 Qua
393 2097 449 2120 nos
477 2086 634 2124 Christus,

350 2145 419 2168 cum
445 2144 514 2168 eam
538 2134 654 2174 induit,

299 2185 482 2219 Fortiorum

347 2233 387 2266 de
411 2241 507 2265 manu
532 2230 624 2265 eruit.

217 2313 272 2346 35.
294 2312 374 2355 Ave,
400 2311 439 2344 de
465 2319 526 2350 qua

348 2358 420 2392 fons
444 2358 531 2392 vitae
557 2356 677 2398 defluit,

299 2409 509 2441 Peccatorum

350 2457 405 2498 qui
430 2457 541 2489 sordes
570 2453 682 2495 abluit,

902 1289 956 1321 38.

901 1702 955 1734 39.

902 2118 958 2150 40.

981 240 1077 274 Cuius
1103 241 1210 273 lumen

1028 289 1174 322 videmus
1199 288 1329 326 lumine,

982 336 1046 369 Sub
1073 337 1196 370 alarum

1029 395 1087 417 nos
1113 394 1207 418 serva
1231 384 1380 425 tegmine.

981 461 1062 502 Ave,
1092 463 1179 494 euius

1031 510 1148 542 ducatu
1172 510 1333 542 hominum

979 557 1170 598 Diriguntur

1028 614 1156 646 gressus
1182 607 1224 639 ad
1250 604 1430 644 Dominum,

983 654 1119 686 Manum
1143 653 1236 686 nobis

1029 711 1202 743 supponas,
1227 700 1376 742 petimus,

981 749 1032 781 Ne
1056 750 1234 790 laedamur,

1030 807 1099 829 cum
1126 798 1344 831 ceciderimus.

980 875 1063 916 Ave,
1090 875 1178 907 euius

1027 931 1086 955 nos
1111 924 1202 954 sanet
1225 921 1360 962 puritas,

982 971 1063 1012 Quia
1086 980 1151 1004 non
1177 973 1227 1002 est

1028 1019 1061 1051 in
1087 1018 1179 1051 nobis
1204 1017 1334 1055 sanitas,

984 1066 1029 1100 Ut
1053 1066 1173 1098 sanatis

1031 1117 1165 1154 constet,
1191 1113 1276 1155 quod
1300 1111 1434 1153 gemitus

982 1162 1101 1195 Noster
1125 1171 1145 1195 a
1168 1164 1201 1194 te

1029 1219 1092 1242 non
1117 1212 1166 1242 est
1189 1209 1404 1242 absconditus.

983 1289 1063 1325 Ave,
1089 1286 1209 1319 munda

1030 1334 1128 1368 verbo
1154 1336 1186 1365 et
1211 1342 1317 1375 opere,

984 1383 1034 1416 Ne
1057 1383 1091 1415 in
1114 1384 1221 1423 lingua

1032 1431 1212 1472 delinquam
1237 1432 1366 1469 temere,

984 1480 1040 1514 Ori
1063 1489 1132 1511 meo

1030 1536 1113 1568 pone
1138 1527 1326 1570 custodiam,

983 1576 1029 1610 Ut
1052 1576 1166 1608 novica

1028 1624 1115 1664 loqui
1139 1622 1313 1656 fastidiam.

984 1702 1062 1740 Ave,
1088 1703 1190 1733 mater

1029 1750 1113 1790 regis
1138 1749 1288 1793 iustitiae,

983 1796 1049 1829 Nos
1074 1797 1114 1830 de
1137 1798 1209 1830 lacu

1032 1846 1112 1878 educ
1137 1846 1287 1879 miseriae

982 1893 1028 1926 Et
1051 1894 1092 1926 ad
1114 1894 1274 1927 Christum

1030 1946 1117 1975 recto
1145 1943 1207 1975 duo
1232 1945 1371 1987 tramite,

982 1991 1042 2031 Qui
1066 1992 1206 2031 scriptus
1233 1995 1282 2024 est

1031 2040 1064 2071 in
1089 2040 1165 2072 libri
1193 2040 1309 2082 capite.

984 2117 1064 2157 Ave,
1091 2120 1204 2157 mater,

1032 2165 1163 2198 intende
1187 2167 1334 2207 pauperi,

983 2213 1042 2254 Qui
1066 2214 1125 2246 sub
1150 2218 1240 2247 veste

1031 2263 1195 2295 mendicat
1219 2262 1332 2304 veteri,

984 2311 1028 2343 Et
1050 2310 1085 2342 in
1112 2311 1165 2343 die

1034 2360 1120 2392 mala
1143 2367 1201 2391 nos
1226 2356 1340 2398 libera,

986 2407 1108 2440 Nostra
1131 2407 1231 2439 iudex

1035 2464 1077 2488 ne
1101 2454 1201 2487 libret
1224 2454 1358 2489 scelera,
