1655 2726
696 112 933 148 ,97-

167 209 225 242 47.
253 206 429 244 Gratanter
454 210 542 244 infra
566 212 722 253 gremium

297 258 380 292 Fers
405 260 519 293 mundi
543 261 747 303 salvatorem,

250 306 371 340 Salutis
395 310 527 341 nostrae
551 311 729 349 praemium

296 356 478 397 Mundique
503 357 742 399 plasmatorem,

164 431 221 464 48.
248 428 407 466 Eternum
431 434 631 476 unigenitum

296 480 350 514 Ex
373 481 445 514 Deo
471 491 593 515 summo
618 486 722 527 patre,

248 529 458 562 Praeclarum
483 531 687 572 soligenitum

296 577 349 610 Ex
373 581 407 611 te
432 579 560 612 sincera
584 581 698 621 matre,

861 213 916 246 49.
943 208 1012 246 Nec
1039 213 1142 245 minus
1168 212 1272 245 Deum
1297 211 1479 252 Dominum,

863 436 917 468 50.

993 259 1156 294 Infantem
1180 261 1361 302 speciosum

944 310 1028 342 Prae
1052 308 1128 342 filiis
1152 311 1184 341 et
1208 309 1370 342 hominum

990 359 1136 398 Aspectu
1160 359 1345 399 gratiosum,

945 430 1079 467 Initium
1104 434 1157 475 qui
1182 433 1311 466 luminis

994 483 1055 515 Est
1079 483 1161 515 lueis
1186 485 1262 514 ante
1285 482 1397 524 solem,

948 531 1008 571 Qui
1034 539 1105 562 cum
1129 530 1250 564 virtute
1273 529 1411 562 numinis

998 578 1166 611 Sustentat,
1188 581 1295 611 terrae
1318 578 1447 611 molem.

565 666 719 699 Tertia
752 666 1071 707 Quinquagena.

190 733 220 768 1.
250 732 452 769 Tremendus
479 736 567 768 Deus
592 736 749 769 Dominus

296 782 341 816 Et
365 784 513 817 conditor
539 787 684 827 naturae,

251 831 386 864 Creator
410 832 616 865 nihilominus

298 879 410 913 Totius
437 884 614 923 creaturae,

193 958 224 990 2.
252 953 403 990 Viventis
428 957 491 990 Dei
515 956 610 999 filius,

294 1005 348 1038 Ex
373 1005 443 1038 Deo
468 1010 564 1047 patre
588 1008 693 1047 natus,

248 1054 309 1094 Qui
335 1052 398 1086 fuit
421 1054 601 1087 mirabilius

295 1101 348 1135 Ex
372 1105 475 1134 temet
497 1103 695 1143 incarnatus,

188 1181 220 1213 3.
248 1176 422 1214 Stellatum
449 1179 722 1219 hemisphaerium

296 1228 490 1261 illuminans
516 1237 700 1269 supernum,

247 1277 306 1317 Qui
333 1285 466 1318 regnum
493 1284 531 1309 ac
555 1276 726 1317 imperium

299 1324 469 1359 Gubernat
488 1325 523 1357 in
549 1327 725 1358 aeternum.

187 1405 220 1436 4.
247 1399 385 1436 Decoris
412 1402 630 1444 castimoniae,

298 1450 414 1495 Maria,
443 1453 478 1482 tu
505 1452 687 1493 exemplum

247 1499 293 1532 Es
320 1502 417 1540 atque
443 1499 675 1532 sanctimoniae

299 1548 477 1588 Spirituale
503 1548 669 1588 templum,

191 1629 224 1661 5.
252 1623 445 1660 Omnimode
470 1626 664 1666 gratissima,

301 1674 535 1715 Praerutilans‚
562 1674 742 1714 praeclara,

250 1723 338 1763 Quae
364 1732 397 1755 es
425 1726 457 1754 et
481 1723 745 1763 praepar-issima,

301 1771 439 1805 Caelesti
464 1771 535 1804 Deo
562 1780 647 1806 cara.

191 1853 223 1884 6.
251 1847 402 1884 Matrona
428 1858 550 1882 summe
574 1849 704 1893 nobilis,

297 1900 322 1933 O
351 1899 480 1932 domina
508 1899 679 1937 caelorum,

248 1948 299 1980 Tu
323 1948 411 1980 salus
437 1956 471 1980 es
495 1947 671 1981 immobilis

296 1996 342 2030 Et
369 1997 467 2029 decus
492 1996 688 2037 angelorum.

191 2077 221 2111 7.
250 2072 291 2110 In
318 2075 400 2107 caeli
425 2075 649 2116 magnitudine

297 2125 347 2158 Tu
372 2127 463 2156 tenes
489 2123 718 2166 principatum,

248 2173 287 2205 In
314 2172 383 2214 poli
409 2172 602 2205 celsitudine

298 2222 348 2254 Tu
370 2220 519 2262 praefers
547 2221 755 2255 dominatum.

189 2302 221 2335 8.
249 2296 333 2334 Nam
359 2299 461 2333 omnis
487 2303 520 2333 te
547 2299 701 2333 caelicola

297 2348 463 2390 Condigne
486 2351 672 2389 veneratur,

245 2398 297 2431 Ac
323 2397 459 2437 quilibet
484 2396 671 2430 christicola

294 2446 420 2479 Devote
445 2449 479 2478 te
504 2449 667 2488 precatur.

208 2509 341 2533 Dmves,
359 2506 486 2530 Psalteria
501 2506 660 2535 Rhythmica.
693 2506 728 2529 II.

885 738 916 771 9.

862 957 917 993 10.

864 1178 918 1214 11.

864 1403 919 1438 12.

867 1627 921 1660 13.

871 1851 928 1885 14.

868 2076 922 2109 15.

866 2300 921 2333 16.

945 733 1101 778 Virginea
1123 735 1277 777 puellula,

993 785 1080 825 Quae
1104 792 1216 825 parem
1240 792 1305 816 non
1328 782 1452 821 vidisti,

945 833 1111 874 Praepura
1135 831 1197 865 Dei
1224 831 1348 875 cellula,

991 882 1078 921 Quae
1103 889 1225 914 marem
1249 888 1314 912 non
1335 879 1464 913 novisti.

946 955 1083 992 Subtilis
1109 958 1179 989 sine
1204 956 1338 1000 macula,

991 1005 1222 1049 Praepulchra‚
1250 1012 1457 1044 praeserena,

946 1054 1155 1095 Praepollens
1181 1062 1242 1094 per
1267 1052 1422 1084 miracula

993 1102 1043 1134 Tu
1069 1110 1103 1133 es
1128 1104 1161 1133 et
1185 1109 1411 1142 praeamoena.

945 1176 1105 1213 Nimirum
1129 1178 1404 1219 pulchritudinem

993 1228 1050 1260 Tis
1073 1228 1162 1260 Deus
1190 1227 1373 1266 concupivit

945 1276 990 1309 Et
1012 1278 1147 1316 propter
1172 1274 1450 1307 mansuetudinem

994 1325 1042 1357 Te
1068 1325 1137 1356 oleo
1162 1323 1279 1356 linivit.

948 1400 973 1436 Ο
1001 1405 1036 1434 tu
1061 1400 1304 1434 misericordiae

996 1451 1077 1491 Spes
1102 1458 1231 1489 semper
1255 1448 1456 1488 immortalis,

946 1500 996 1532 Tu
1020 1499 1111 1539 pacis
1138 1500 1170 1530 et
1197 1497 1389 1530 concordiae

995 1547 1156 1580 Donatrix
1182 1547 1367 1579 aeternaliS.

949 1622 1058 1665 Stirps
1085 1623 1214 1668 nobilis,
1241 1624 1432 1667 humillima,

998 1673 1171 1714 Progenies
1199 1673 1318 1714 divina,

947 1722 997 1755 Tu
1022 1722 1125 1755 tutrix
1151 1729 1184 1753 es
1211 1720 1364 1763 agillima,

996 1769 1173 1811 Magnifica
1196 1771 1317 1812 regina.

955 1846 1005 1883 Te
1029 1848 1188 1889 virginem
1213 1856 1410 1889 puerperam

996 1898 1035 1931 In
1061 1900 1197 1929 matrem
1223 1897 1299 1930 Iesu
1327 1896 1447 1930 Christi

949 1946 1060 1987 Elegit
1084 1945 1182 1989 Deus,
1209 1953 1383 1986 perperam

997 1995 1086 2035 Quae
1110 2003 1273 2035 nunquam
1295 1993 1491 2026 commisisti.

949 2070 997 2108 Es
1023 2082 1100 2106 vere
1125 2075 1230 2105 mater
1257 2072 1370 2105 veniae

999 2122 1165 2163 Condigne
1190 2120 1364 2161 nominata,

948 2170 1064 2212 Regali
1093 2171 1133 2202 de
1159 2169 1313 2211 progenie

998 2219 1171 2253 Praeclare
1202 2220 1394 2260 propagata.

949 2295 1089 2333 Referta
1113 2298 1211 2338 plena
1237 2296 1343 2338 gratia

995 2346 1137 2379 Divinae
1159 2344 1325 2387 bonitatis²

950 2394 1105 2437 Refulges
1130 2394 1163 2427 in
1190 2393 1320 2436 galaxia

999 2445 1078 2479 Cum
1103 2443 1224 2478 sanctis
1252 2446 1284 2477 et
1312 2443 1427 2480 beatis,

1292 2502 1309 2531 7
