1655 2726
879 131 948 165 202

818 228 999 263 CXXXTX.

250 297 351 330 1307.
366 297 467 338 Eripe
492 306 551 340 me,
581 298 785 340 dominatrix,

367 345 418 376 Ab
445 347 551 378 olente
577 346 681 378 carnis
708 347 804 378 sorde

366 392 548 426 Ferentium
576 394 620 426 sis
645 395 804 427 sublatrix

366 441 556 481 Iniquitates
581 443 614 474 in
643 443 750 476 corde.

250 519 353 552 1308.
371 517 476 550 Corde
500 520 576 551 mali
602 523 677 551 sunt
699 519 797 551 locuti

368 566 511 606 Linguas
536 576 608 599 suas
636 571 786 599 acuentes

367 614 412 646 Et
435 623 486 646 me
512 616 684 656 plagarunt
707 615 821 647 imbuti

371 662 498 695 Veneno
523 664 607 695 sicut
631 667 808 704 serpentes.

254 740 356 772 1309.
375 739 548 779 Serpentes
573 740 751 772 invisibiles

371 788 409 819 111
435 796 486 819 me
511 789 705 820 suscitarunt
732 797 796 829 eos,

370 835 415 867 Ut
440 844 582 876 quosque
607 840 723 876 queant
747 836 881 867 humiles

371 882 586 923 Supplantare
611 893 738 924 gressus
761 893 859 917 meos.

920 298 936 330 1
944 296 1023 329 310.
1039 295 1129 327 Meos
1157 297 1331 335 eapropter
1354 292 1455 333 pedes

1037 344 1106 376 Iam
1134 343 1245 386 dirige,
1276 342 1341 374 dux
1367 340 1518 381 Iudaeae,

1035 392 1079 425 Et
1105 391 1242 431 dissipes
1268 390 1381 422 horum
1407 389 1512 428 sedes,

1044 440 1069 473 O
1097 440 1199 472 virtus
1225 439 1338 470 salutis
1365 446 1463 470 meae.

923 518 1025 552 1311.
1041 518 1135 550 Meae
1160 516 1275 548 mentis
1301 515 1497 547 mansionem

1039 567 1193 599 Sternant
1219 564 1303 596 sieut
1326 563 1512 604 maceriam,

1037 614 1109 646 Nisi
1136 614 1191 646 des
1219 611 1449 651 defensionem,

1039 662 1156 703 Maria,
1186 669 1267 701 quae
1293 661 1350 693 das
1375 660 1521 700 gloriam.

924 740 1026 772 1312.
1043 738 1187 771 Gloriam
1211 738 1281 780 tibi,
1308 737 1426 780 Maria,

1039 787 1149 819 Debeo
1175 795 1301 826 semper
1325 784 1451 826 offerre,

1040 836 1116 868 Mea
1142 835 1278 877 ductrix,
1306 842 1377 865 mea
1404 833 1466 874 via,

1044 883 1141 916 Cuius
1166 884 1236 915 laus
1260 883 1296 914 in
1322 880 1402 914 fines
1428 884 1546 914 terrae.

861 979 958 1013 CXL.

252 1058 354 1090 1313.
369 1056 516 1100 Domine,
545 1057 681 1089 clamavi
704 1057 837 1088 multum

368 1105 419 1136 Ad
446 1108 479 1136 te
504 1106 616 1137 matris
642 1105 804 1145 obsequio,

368 1152 435 1191 Qua
460 1154 521 1184 mis
547 1156 621 1184 ante
645 1157 734 1184 tuum
760 1153 881 1184 vultum

366 1200 535 1240 Dirigatur
563 1200 677 1235 oratio.

249 1287 352 1320 1314.
368 1286 490 1329 Oratio,
517 1296 610 1327 quam
638 1286 722 1319 facio

365 1335 418 1366 Ad
444 1340 477 1367 te
502 1339 534 1367 et
557 1339 645 1366 tuum
670 1334 782 1376 filium,

365 1382 411 1415 Et
434 1392 583 1415 manuum
607 1384 724 1415 levatio

367 1430 417 1462 Sit
441 1434 566 1470 gratum
592 1430 793 1464 sacrificium.

253 1518 355 1551 1315.
370 1516 631 1558 Sacrificiumque
653 1518 758 1550 laudis

370 1566 535 1598 Immolem
560 1566 620 1598 tibi
648 1569 679 1597 et
703 1566 783 1606 Deo,

368 1613 414 1645 Et
438 1614 479 1645 da
503 1618 546 1654 te,
572 1623 613 1645 ne
630 1614 671 1645 sit
690 1623 724 1645 os
743 1613 879 1655 fraudis,

369 1661 552 1694 Custodiam
578 1663 626 1694 ori
652 1670 732 1696 meo.

926 1058 1029 1090 1316.
1044 1057 1118 1089 Meo
1143 1065 1271 1097 semper
1297 1056 1423 1096 negotio

1042 1106 1171 1145 AstanS‚
1198 1107 1301 1136 mater
1326 1104 1508 1143 salvatoris,

1041 1152 1091 1184 Ne
1116 1153 1245 1193 linguae
1270 1153 1374 1192 tingat
1400 1152 1478 1185 vitio

1040 1201 1097 1232 Me
1122 1201 1226 1232 oleum
1250 1201 1441 1240 peccatoris.

920 1289 1022 1320 1317.
1038 1287 1220 1320 Pet-,catoris
1246 1288 1280 1319 in
1303 1290 1425 1319 statera

1039 1336 1569 1378 Quondamponensmanumtuam,

1038 1383 1092 1415 Sic
1117 1383 1156 1415 ab
1182 1383 1335 1415 infernali
1361 1382 1431 1416 fera

1039 1431 1178 1464 Salvasti
1204 1432 1341 1464 animam
1367 1441 1469 1466 suam.

922 1520 1023 1552 1318.
1040 1518 1134 1551 Suam
1160 1519 1258 1551 vitam
1283 1520 1433 1560 regulare

1039 1567 1254 1611 Nescientem,
1282 1577 1411 1608 quaeso,
1439 1569 1519 1601 doce

1038 1614 1262 1656 Decenterque
1288 1617 1475 1649 collaudare

1040 1664 1098 1704 Te,
1125 1663 1241 1705 Maria,
1271 1666 1377 1704 corde,
1404 1674 1492 1699 voce.

851 1758 968 1792 CXLI.

252 1836 355 1869 1319.
374 1835 458 1867 Voce
481 1844 553 1867 mea
578 1836 618 1867 ad
644 1835 815 1868 Dominum

370 1884 459 1916 Iacto
486 1884 752 1927 deprecationem,

369 1932 421 1963 Ad
448 1934 490 1972 te,
517 1932 628 1973 regina
652 1932 821 1975 virginum,

367 1979 545 2013 Effundens
571 1981 757 2013 orationem.

250 2068 355 2101 1320.
369 2066 563 2108 Orationem,
589 2067 706 2107 Maria,

370 2115 484 2148 Redde
509 2119 632 2156 gratam
657 2116 741 2147 hanc
766 2114 843 2156 filio,

370 2164 469 2204 Quam
494 2164 657 2196 t1ibulatis
682 2164 714 2195 in
741 2163 795 2195 via

369 2213 456 2244 Ante
480 2212 585 2253 ipsum
609 2212 792 2252 pronuntio.

252 2299 354 2333 1321.
369 2299 545 2332 Pronuntio
570 2299 639 2343 tibi,
666 2301 777 2342 mater,

372 2347 543 2380 Pressuras
572 2348 697 2388 pridem
724 2347 878 2392 sublimiS,

370 2396 446 2436 Quis
472 2397 513 2429 ad
539 2397 604 2428 ima
630 2396 743 2428 (luctus
769 2395 871 2428 frater

370 2444 565 2477 Humiliatus
590 2454 658 2477 sum
684 2445 787 2477 nimis.

923 1837 1026 1871 1:322.
1041 1838 1145 1870 Nimis
1172 1839 1254 1870 enim
1281 1842 1357 1871 ante
1381 1840 1485 1872 Deum

1040 1886 1122 1918 Erat
1145 1896 1217 1919 mea
1241 1888 1308 1920 vita
1331 1897 1398 1929 rea,

1041 1934 1106 1967 Sed
1130 1939 1165 1967 tu
1190 1936 1269 1968 mihi
1294 1937 1404 1977 places
1430 1947 1513 1978 eum,

1042 1983 1100 2015 Cui
1127 1983 1212 2016 dixi:
1239 1987 1275 2016 tu
1301 1994 1334 2017 es
1360 1995 1434 2026 spes
1460 1995 1542 2020 mea.

923 2070 1025 2103 1323.
1040 2070 1117 2102 Mea
1140 2080 1225 2112 spes,
1254 2072 1388 2113 dignans
1414 2083 1508 2106 suere

1041 2118 1151 2151 Sancti
1175 2120 1318 2153 Thomae
1344 2122 1485 2155 cilicium

1040 2167 1192 2211 Raptam,
1219 2170 1300 2201 velis
1325 2169 1461 2204 reficere

1040 2215 1161 2248 Stolam
1187 2226 1331 2250 mearum
1358 2220 1485 2253 virium.

922 2302 1025 2335 1324.
1041 2303 1164 2335 Virium
1189 2313 1249 2345 per
1273 2308 1307 2337 te
1332 2306 1475 2348 vigorem

1040 2351 1181 2393 Sumpsit
1198 2353 1338 2386 Thomas
1356 2358 1552 2402 gravamine,

1039 2401 1103 2433 Per
1129 2401 1217 2433 cuius
1243 2403 1348 2442 precis
1373 2405 1518 2438 valorem

1040 2448 1187 2481 Placeam
1213 2460 1305 2483 meae
1331 2452 1489 2487 dominae.
