1655 2726
706 127 968 164 —167—

785 226 889 260 LXX.

171 292 252 326 689.
268 292 308 324 In
332 294 374 334 te,
404 292 542 336 domina,
571 295 712 336 speravi,

268 341 318 375 Ut
336 349 389 373 me
413 341 529 384 salves,
556 343 713 383 accelera,

270 388 385 422 Cordis
410 390 474 421 mei
499 391 600 423 vermi
626 391 716 433 gravi

267 437 406 471 Pietatis
433 438 475 471 da
499 439 635 474 viscera.

173 525 254 560 690.
271 525 403 558 Viscera
429 527 525 559 valde
552 526 659 560 dulcia

269 574 359 607 Tuae
384 574 627 607 misericordiae

268 622 391 655 Amara
418 623 615 655 conscientia

268 670 436 711 Percipiat
460 670 590 704 cotidie.

173 759 252 792 691.
271 757 397 791 Cotidie
421 757 546 800 refugio

267 806 322 839 Ad
348 810 389 850 te,
417 809 522 839 mater
548 806 618 846 spei
643 806 757 849 bonae,

268 855 350 895 Quia
374 855 494 887 salvari
521 854 614 894 cupio

267 902 333 935 Sub
360 905 415 935 tua
443 902 641 937 defensione.

170 991 250 1024 692.
264 989 463 1022 Defensione
488 990 649 1029 stupenda

267 1038 387 1079 Stipas,
415 1038 469 1078 qui
493 1038 554 1070 tibi
579 1039 734 1078 serviunt,

264 1086 461 1127 Imperatn'x
486 1087 676 1128 reverenda,

265 1135 324 1169 Cui
350 1135 457 1167 omnia
482 1134 668 1168 oboediunt.

872 295 950 329 693.
967 295 1150 329 Oboediunt
1174 303 1233 336 per
1257 297 1290 326 te
1317 293 1446 327 Christo

966 344 1086 377 Gentes
1109 344 1237 384 pridem
1260 343 1333 375 huic
1351 341 1499 383 rebelles,

964 392 1008 425 Et
1034 402 1052 424 a
1076 393 1195 425 mundo
1220 392 1330 432 plures
1354 392 1418 423 isto

964 440 1083 473 Adhuc
1107 441 1149 473 ad
1176 440 1298 473 caelum
1317 438 1500 479 compelles.

870 528 949 562 694.
965 528 1071 560 Pelles
1096 527 1251 561 humanas
1276 525 1404 559 inflatas

962 575 1145 608 Humilians
1170 575 1349 608 humillima

961 623 1007 656 Et
1031 623 1150 657 dudum
1176 623 1360 656 humiliatas

962 672 1092 704 Virtute
1116 673 1245 712 replens
1270 672 1422 704 maxima.

867 760 947 792 695.
961 758 1105 792 Maxima
1129 758 1292 791 mirabilia

963 807 1128 848 Manuum,
1155 808 1256 849 virgo,
1282 809 1420 847 tuarum,

961 855 1106 897 Insignia
1129 855 1280 897 prodigia

959 904 1056 936 Facit
1080 912 1195 935 nomen
1219 906 1309 935 tuum
1336 904 1468 936 clarum.

865 991 945 1024 696.
962 990 1091 1023 Clarum
1116 999 1231 1023 nomen
1256 991 1318 1022 hoc
1342 989 1483 1022 ruminet

962 1038 1016 1071 Sic
1041 1039 1165 1070 animus
1190 1047 1318 1078 semper
1343 1046 1442 1078 meus,

960 1086 1052 1127 Quod
1078 1095 1129 1118 me
1152 1096 1213 1127 per
1237 1086 1271 1119 id
1295 1086 1465 1128 illuminet,

959 1135 984 1168 O
1010 1134 1128 1177 Maria,
1153 1135 1245 1167 Iesus
1270 1134 1370 1168 Deus.

770 1230 893 1264 LXXI.

172 1300 251 1333 697.
266 1299 355 1332 Deus
377 1298 532 1332 iudicium
557 1308 705 1339 magnum

266 1347 305 1380 In
329 1347 396 1380 fine
418 1348 532 1380 mundi
556 1347 691 1389 tenebit,

265 1396 311 1429 Et
335 1396 480 1428 ardentis
505 1396 588 1437 ignis
614 1399 763 1438 stagnum

265 1445 372 1477 Malos
398 1444 508 1476 subire
531 1444 665 1478 iubebit.

171 1534 251 1567 698.
265 1531 460 1572 Iubebitque
485 1532 627 1564 recreari

264 1581 416 1613 Animam
441 1589 546 1612 meam
569 1580 713 1622 impiam,

265 1629 337 1661 Nisi
364 1629 445 1661 velis
473 1629 653 1671 deprecari,

265 1678 384 1718 Mater,
411 1678 479 1710 eius
505 1678 717 1710 clementiam.

170 1766 251 1800 699.
268 1765 480 1798 Clementiam
506 1765 590 1798 enim
616 1774 709 1798 suam

266 1814 461 1847 Nullatenus
488 1814 671 1856 denegabit,

266 1863 331 1895 Pro
349 1872 410 1904 quo
427 1861 543 1896 fundes
561 1872 691 1903 precem
707 1865 806 1905 tuam,

267 1910 343 1954 Sed,
369 1920 448 1951 quos
474 1912 572 1952 voles,
599 1911 794 1953 acceptabit.

169 2000 249 2034 700.
265 1999 463 2040 Acceptabit
489 2004 521 2032 et
545 1999 672 2032 bonitas

265 2048 355 2081 Tuae
380 2057 493 2081 sacrae
518 2048 696 2081 maiestatis

264 2098 382 2130 Preces
408 2106 588 2138 pauperum
613 2098 731 2139 licitas,

265 2146 460 2179 Adamatrix
483 2146 697 2187 paupertatis.

867 1300 946 1333 701.
961 1299 1168 1341 Paupertatis
1191 1301 1367 1331 amatorem

962 1347 1225 1388 sectatoremque
1248 1355 1428 1387 pauperum

961 1396 1029 1428 Fac
1054 1404 1114 1436 me,
1141 1396 1243 1436 virgo,
1270 1404 1311 1427 ne
1335 1395 1479 1427 laborem

961 1445 998 1477 In
1028 1444 1150 1478 divitiis
1175 1444 1344 1477 scelerum.

867 1532 947 1566 702.
962 1532 1126 1565 Scelerum
1152 1529 1355 1572 purificatrix

960 1580 1005 1612 Et
1033 1579 1187 1612 virtutum
1212 1578 1458 1621 firmamentum,

960 1628 1202 1661 Benedictionis
1229 1628 1389 1670 collatrix,

959 1677 1104 1709 Benedic
1126 1680 1273 1709 nostrum
1294 1679 1498 1710 conventum.

867 1765 945 1798 703.
961 1764 1159 1797 Conventum
1177 1766 1312 1804 tangens
1326 1763 1500 1805 malignum

959 1813 1053 1845 Adeo
1079 1814 1135 1844 tua
1160 1812 1273 1854 gratia,

961 1862 1052 1902 Quod
1076 1869 1136 1901 per
1152 1865 1194 1904 te,
1221 1860 1337 1904 Maria,
1368 1860 1498 1900 dignum

961 1909 1132 1942 Reddatur
1154 1918 1265 1942 rursus
1290 1909 1405 1950 gloria.

867 1998 946 2032 704.
963 1997 1074 2030 Gloria
1100 1997 1169 2035 tibi,
1197 1996 1313 2038 Maria,

960 2045 1102 2079 Materia
1128 2054 1243 2087 magna
1268 2045 1385 2087 laudis,

962 2095 1049 2135 Quae
1072 2094 1212 2126 libenter
1236 2103 1315 2125 aure
1340 2094 1396 2134 pia

962 2144 1017 2176 Ad
1042 2147 1075 2176 te
1101 2143 1276 2175 clamantes
1301 2142 1445 2177 exaudis.

769 2243 911 2276 LXXII.

166 2312 247 2347 705.
262 2312 364 2351 Quam
389 2311 492 2344 bonus
519 2312 563 2344 sit
586 2313 677 2345 Iesus
703 2311 792 2345 Deus

263 2360 373 2393 Servis
398 2361 473 2403 tuis,
500 2371 519 2394 o
543 2361 661 2405 Maria,

264 2409 334 2443 Cito
359 2410 459 2442 sentit
483 2410 577 2443 homo
602 2419 677 2442 reus

263 2458 442 2492 Universae
468 2459 575 2492 carnis
599 2459 662 2492 via.

866 2311 945 2344 706.
963 2311 1023 2343 Via
1049 2309 1178 2349 quidem
1203 2308 1409 2348 migrantium

961 2359 1089 2400 Lupum
1113 2367 1176 2390 non
1202 2356 1281 2389 sinis
1306 2366 1459 2398 rapacem

961 2408 1026 2440 Hic
1051 2410 1094 2449 te,
1121 2410 1233 2449 mater,
1262 2406 1435 2440 colentium

962 2457 1171 2490 Peccatorum
1198 2455 1311 2488 videns
1335 2464 1460 2497 pacem.
