1655 2726
150 248 206 283 11.

155 562 209 595 12.

153 872 209 906 13.

153 1181 208 1214 14.

152 1492 209 1526 15.

154 1860 211 1894 21.

153 2175 213 2208 22.

667 95 929 132 —217—

778 194 823 228 11.

237 250 301 283 Hic
327 254 375 283 est
399 250 485 284 Abel
511 251 701 294 trucidatus,

234 298 435 332 Holocausto
458 299 530 332 Deo
555 303 676 344 gratus,

282 348 338 380 Ira
359 347 473 381 fratris
498 348 646 391 moritur,

237 396 334 431 Cuius
360 397 489 438 sanguis
512 397 587 430 dum
604 400 750 429 sacratus

233 444 334 488 Fluit,
364 445 491 488 clamat,
517 447 704 486 acceptatus

284 494 350 537 Fit,
377 496 410 525 et
436 493 560 527 caelum
585 493 750 535 panditur.

236 561 301 594 Hic
325 570 344 593 a
369 561 444 594 vino
471 560 639 594 debriatur

238 610 392 643 Caritatis
418 611 451 641 et
476 609 650 643 mundatur

286 658 351 691 Suo
376 657 597 698 tabernaculo,

236 707 310 739 Noe
334 715 445 740 somno
471 705 627 748 figuratur

237 755 395 793 Christus,
424 763 495 787 cum
518 755 721 795 vituperatur

287 803 400 836 Crucis
424 803 458 835 in
483 802 640 843 patibulo,

236 871 300 903 Hic
326 873 376 903 est
399 879 509 903 semen
533 870 749 910 benedictum,

236 920 300 952 Pro
308 928 370 960 quo
376 919 540 960 quondam
548 927 604 951 cor
609 917 774 951 adflictum

288 966 492 1007 Supplicavit
516 967 682 1010 Abrahae,

238 1015 379 1055 Propter
403 1015 465 1047 hoc
489 1023 524 1047 se
547 1014 774 1056 cirmumcidit‚

240 1062 319 1096 Gum
343 1071 404 1103 per
430 1062 498 1095 eius
524 1071 650 1096 crucem
677 1062 761 1095 vidit

289 1111 429 1144 Cunctas
454 1113 566 1151 gentes
593 1110 736 1144 credere.

236 1179 300 1212 Hic
325 1180 358 1212 in
383 1180 492 1211 monte
515 1178 675 1211 liberatur

236 1228 330 1261 Isaac
355 1230 388 1260 et
411 1227 597 1260 immolatur

284 1276 394 1317 Spinis
420 1276 555 1309 haerens
581 1275 675 1319 aries,

234 1325 290 1367 Et,
316 1326 352 1358 in
379 1333 474 1357 cruce
501 1323 575 1357 dum
599 1324 737 1367 levatur,

236 1374 328 1407 Iesus
352 1373 448 1406 homo
472 1372 571 1406 morti
596 1372 692 1405 datur

285 1422 402 1455 Omnes
427 1422 468 1455 ob
494 1421 677 1462 progenies.

233 1490 299 1523 Hic
324 1492 375 1522 est
399 1489 497 1523 Iacob
522 1489 612 1522 scala
636 1491 736 1530 recta,

235 1539 299 1572 Per
316 1547 413 1579 quam
425 1537 554 1571 scandit
566 1546 656 1571 mens
671 1537 775 1570 electa

285 1587 340 1620 Ad
367 1587 448 1620 caeli
473 1586 640 1627 palatium,

233 1636 299 1669 Hic
325 1639 375 1668 est
398 1635 490 1669 Iesus
518 1635 689 1668 crucifixus

237 1684 339 1718 Velut
360 1684 503 1717 Domino
528 1683 668 1724 innixus,

285 1733 486 1766 Maestorum
511 1732 675 1766 solacium.

772 1801 835 1835 HI.

238 1859 304 1894 Hic
326 1864 375 1893 est
399 1859 490 1894 Iesus
516 1859 715 1900 Nazarenus,

236 1909 328 1943 Iesus
354 1908 457 1951 Nave,
485 1909 551 1942 dux
577 1916 721 1951 serenus,

291 1957 390 1991 Hunc
414 1958 543 1999 signare
566 1957 682 2001 potuit,

240 2005 306 2039 Sed
331 2015 392 2040 rex
407 2008 519 2039 noster
533 2006 609 2047 plus
626 2015 779 2039 amoenus

238 2055 302 2089 Est
325 2055 499 2096 triumphis
523 2054 614 2088 mille
637 2055 764 2096 plenus,

288 2104 328 2138 In
354 2113 415 2145 quo
439 2113 526 2137 mors
553 2103 733 2137 succubuit.

239 2172 305 2206 Hic
330 2174 379 2205 est
397 2172 530 2206 Samson
557 2173 647 2214 gigas
672 2170 776 2216 fortis,

239 2221 303 2255 Per
328 2229 424 2263 quem
447 2221 514 2254 ruit
538 2230 596 2254 rea,
619 2220 733 2253 mortis

288 2270 468 2304 Philistaea
494 2271 612 2311 contio,

237 2318 334 2352 Hunc
358 2318 480 2362 illudit,
506 2319 564 2352 sed
591 2318 701 2351 allidit

238 2368 351 2401 Postes
379 2369 502 2413 domus,
529 2369 562 2401 in
589 2377 683 2408 quam
704 2365 776 2400 fidit

286 2416 387 2451 Elata
410 2417 643 2461 praesumptio.

846 255 901 287 16.

848 561 902 594 17.

848 871 903 905 18.

848 1180 903 1213 19.

846 1491 903 1523 20.

850 1861 906 1893 23.

851 2173 909 2206 24.

928 253 1002 295 Hic,
1026 259 1062 286 ut
1086 254 1201 295 Ioseph
1228 254 1405 293 occidatur,

927 301 1034 334 Stulta
1057 311 1134 343 gens
1159 300 1356 335 vociferatur

976 352 1114 391 Propter
1138 350 1223 384 mira
1245 350 1380 392 somnia,

927 397 1462 442 Nonperpendens,quidsignatur,

927 446 1018 486 Quod
1044 446 1092 479 sic
1115 449 1204 479 terra
1229 447 1388 480 liberatur

975 495 1006 527 A
1030 498 1121 528 tanta
1144 495 1290 536 penuria.

929 561 993 594 Hic
1019 565 1069 594 est
1092 562 1255 603 sanguinis
1280 562 1388 602 litura,

932 610 1002 650 Qua
1026 619 1104 651 gens
1131 611 1253 644 Christi
1278 609 1316 643 fit
1339 619 1452 643 secura

980 658 1098 691 Mortis
1122 659 1156 691 in
1181 659 1324 701 interitu,

929 705 994 738 Hic
1020 710 1069 739 est
1093 716 1183 740 assus
1211 707 1301 740 ducis
1326 716 1437 749 agnus,

929 755 998 794 Quo
1027 755 1172 788 salvatur
1199 759 1306 788 coetus
1330 765 1464 797 magnus

977 804 1015 836 In
1040 803 1185 844 paschali
1209 803 1359 839 transitu.

926 870 992 904 Hic
1015 870 1144 904 reducit
1166 881 1225 904 nos
1250 880 1311 911 per
1335 880 1424 904 mare

928 919 1084 958 Rubrum,
1096 919 1243 952 Christus
1253 919 1329 952 dum
1337 929 1466 952 amarae

977 966 1095 1000 Mortis
1121 965 1187 1000 fert
1210 968 1414 1012 supplicium,

931 1014 1016 1060 Noli,
1042 1014 1155 1058 frater,
1184 1016 1347 1056 vacillare,

930 1062 994 1095 Sed
1022 1066 1207 1096 constanter
1231 1064 1450 1105 contemplare

978 1110 1082 1144 Nubis
1107 1111 1150 1144 ad
1174 1112 1340 1145 indicium.

930 1178 993 1211 Hic
1017 1179 1045 1211 it
1068 1180 1168 1212 semel
1193 1179 1224 1211 in
1252 1183 1434 1213 sanctorum

931 1228 1051 1261 Sancta
1078 1227 1224 1260 Christus
1253 1238 1314 1269 per
1338 1238 1466 1261 suorum

976 1275 1098 1308 Dulces
1124 1276 1210 1309 rivos
1236 1278 1435 1319 sanguinum,

930 1324 1023 1364 Quod
1047 1333 1107 1365 per
1131 1325 1214 1357 ritus
1237 1326 1328 1357 mille
1343 1334 1468 1358 morum

932 1372 1016 1406 Olim
1041 1373 1149 1414 signat
1172 1374 1375 1415 antiquorum

979 1422 1145 1462 Frequens
1167 1422 1380 1463 pontificium.

930 1489 995 1521 Hic
1018 1490 1053 1521 in
1078 1497 1175 1521 cruce
1199 1490 1329 1530 gloriari

932 1537 978 1570 Et
1001 1538 1036 1571 in
1058 1538 1132 1579 ipsa
1156 1538 1318 1579 speculari

977 1586 1094 1619 Discas
1120 1595 1256 1629 anguem
1282 1596 1428 1631 aeneum,

931 1635 978 1668 Ut
1002 1635 1050 1667 sic
1074 1636 1184 1668 valeas
1211 1637 1318 1668 curari

929 1683 999 1716 Nec
1024 1684 1184 1725 serpentis
1209 1684 1373 1717 vulnerari

980 1731 1014 1764 Si
1040 1731 1107 1765 fers
1132 1731 1244 1765 flatum
1268 1733 1406 1774 igneum.

933 1859 997 1892 Hic
1024 1859 1139 1892 devote
1166 1860 1376 1901 concurratis,

934 1907 1050 1941 Noemi
1076 1907 1275 1941 condoleatis

981 1955 1109 1990 Flendo
1135 1959 1271 1989 mortem
1296 1956 1374 1998 filii;

934 2006 961 2039 O
985 2005 1105 2045 Maria,
1131 2014 1224 2039 mara
1247 2006 1338 2047 satis,

935 2053 1104 2094 Quondam
1116 2055 1223 2095 plena,
1238 2054 1297 2087 sed
1309 2063 1371 2095 pro
1386 2054 1472 2087 datis

982 2102 1133 2145 Repleris
1158 2102 1324 2137 absinthii.

935 2172 1001 2205 Hic
1025 2174 1075 2205 est
1097 2171 1208 2205 David
1231 2180 1329 2204 manu
1354 2170 1450 2205 fortis

936 2220 1015 2254 Cum
1042 2220 1186 2253 Gethaeo
1211 2220 1293 2253 duce
1317 2221 1432 2253 mortis

984 2268 1154 2310 singulare
1178 2269 1349 2313 proelium,

935 2318 1034 2358 Quem
1060 2318 1181 2351 devicit
1205 2321 1339 2352 nostrae
1358 2319 1455 2352 sortis

935 2367 1006 2400 Rex
1031 2368 1065 2400 in
1093 2376 1197 2411 cruce,
1229 2367 1302 2400 dum
1323 2368 1464 2401 cohortis

986 2415 1095 2449 Grave
1120 2414 1186 2450 fert
1210 2417 1433 2459 opprobrium.
