1655 2726
245 230 301 264 29.
327 230 409 269 Ave,
437 238 497 270 per
521 238 614 270 quam

240 751 294 785 31.

238 1193 293 1225 32.

236 1633 291 1666 33.

235 2078 291 2111 34,

375 287 498 310 summa
524 277 654 310 dilectio

326 327 393 359 Nos
419 325 564 366 respexit

375 374 416 406 de
441 374 522 406 caeli
547 374 638 417 solio,

327 424 390 456 Per
414 427 448 456 te
471 431 560 455 suam

373 471 535 511 plantavit
558 471 695 514 vineam,

325 520 412 559 Quae
439 519 558 552 dedisti

373 567 464 601 nobis
490 568 685 610 aetheream,

421 615 634 649 Fruetifieans
659 625 760 650 monS.

321 750 402 793 Ave,
432 749 592 791 quondam

369 807 494 838 pauper
519 802 552 830 et
576 798 718 842 humilis,

323 846 452 879 Cunctis
477 855 537 886 per
562 846 624 879 hoe

368 895 548 935 exemplum
572 894 672 935 utilis,

321 943 407 975 Hine
431 946 606 983 paupertas

369 993 402 1022 et
426 991 501 1023 hinc
526 991 688 1024 humilitas

320 1039 409 1071 Duas
435 1041 615 1071 monstrant

366 1087 407 1119 ad
434 1087 556 1119 eaelum
582 1086 723 1125 semitas,

416 1135 558 1167 Praevia
581 1134 671 1169 iuris,

320 1192 401 1234 Ave,
428 1200 488 1232 per
512 1201 606 1232 quam

367 1249 428 1280 pro
454 1242 543 1272 certo
568 1239 726 1279 novimus,

319 1288 411 1328 Quod
437 1288 480 1320 sit
500 1288 594 1320 homo

367 1335 456 1368 Deus
481 1335 668 1377 altissimus⁷

319 1383 410 1424 Quod
437 1384 467 1415 ei
491 1384 534 1415 sit

367 1441 428 1472 par
452 1431 560 1464 nullus
586 1431 753 1470 Dominus,

321 1479 420 1518 Quem
443 1480 584 1512 locorum

368 1536 433 1560 non
460 1528 581 1560 claudit
604 1528 770 1566 terminus,

416 1575 552 1616 virgula
576 1576 669 1609 turiS.

317 1634 399 1673 Ave,
427 1636 520 1675 grata

367 1682 463 1715 latori
489 1682 624 1722 gratiae,

318 1730 408 1762 Bona
434 1730 524 1762 bonis

324 1795 327 1798 -
365 1778 488 1811 addens
514 1778 642 1817 cotidie,

320 1826 406 1865 Quae
429 1827 463 1858 in
486 1826 561 1859 Sion

365 1873 478 1907 vidisti
502 1876 620 1914 terrea,

317 1922 412 1954 Nunc
436 1924 470 1955 in
495 1922 571 1956 Sion

366 1971 457 2004 vides
480 1971 641 2013 aetherea,

414 2019 484 2051 Lux
508 2019 724 2053 tenebrarum.

316 2078 398 2117 Ave,
426 2081 514 2110 terra

364 2134 477 2158 carens
501 2126 652 2168 agricola,

317 2174 367 2206 De
391 2183 454 2215 qua
476 2174 588 2214 prodit

364 2223 511 2254 caelestis
535 2223 651 2266 incola,

315 2271 366 2303 De
388 2273 421 2303 te
445 2272 549 2311 surgit

363 2322 476 2352 exorta
498 2320 629 2361 veritaS,

313 2367 390 2400 Exit
415 2366 550 2409 fructus,

364 2416 459 2449 datur
484 2415 675 2458 benignitas,

410 2464 550 2498 Pulchra
574 2474 729 2499 rosarum.

858 132 928 168 244

936 230 991 263 30.
1019 230 1100 269 Ave,
1128 234 1222 269 petra

861 692 916 727 IV.

930 751 986 784 35.

927 1192 982 1224 36.

924 1635 979 1667 37.

923 2079 978 2111 38.

1066 278 1168 310 mirae
1194 278 1384 314 dulcedinis.

1018 326 1087 358 Mel
1112 327 1304 369 producens,

1065 382 1201 414 paseens
1229 382 1283 405 cor
1308 374 1455 417 hominis,

1017 422 1086 455 Mel
1110 425 1177 454 tam
1204 422 1298 454 dulce

1065 474 1139 502 tuus
1165 474 1214 503 est
1238 469 1335 512 filius,

1019 519 1077 560 Qui
1102 522 1169 551 tam
1196 519 1298 558 dulce,

1065 567 1152 608 quod
1176 567 1258 600 nihil
1285 567 1420 609 dulcius,

1113 615 1306 649 Mellifieans
1332 614 1415 650 fouS.

1012 749 1094 791 Ave,
1121 750 1205 791 regis

1062 798 1181 831 ancilla
1205 798 1318 841 libera,

1013 846 1185 879 Servitutis

1058 904 1116 926 nos
1140 894 1214 936 iugo
1240 894 1353 934 libera,

1014 942 1075 975 Per
1100 946 1133 974 te
1158 946 1288 975 nostrae

1057 994 1172 1030 pareat
1193 991 1354 1029 miseriae,

1012 1038 1075 1073 Qui
1099 1047 1135 1070 se
1159 1040 1243 1071 texit

1058 1086 1177 1118 saeculi
1202 1088 1323 1129 specie,

1102 1134 1180 1167 Flos
1207 1134 1277 1166 sine
1300 1135 1403 1175 spina.

1009 1192 1089 1230 Ave,
1118 1191 1159 1223 de
1183 1201 1246 1232 qua

1054 1248 1114 1280 per
1139 1248 1197 1272 ora
1220 1241 1335 1280 populi

1010 1285 1149 1320 Gloriosi

1055 1336 1223 1368 solvuntur
1247 1336 1344 1380 tituli,

1005 1382 1057 1415 De
1082 1392 1144 1424 qua
1169 1387 1263 1417 natus

1055 1434 1104 1463 est
1127 1432 1214 1465 orbis
1242 1434 1405 1475 conditor,

1008 1479 1061 1512 Sol
1089 1480 1129 1512 de
1154 1481 1261 1520 stella,

1058 1529 1097 1561 de
1122 1533 1198 1561 nata
1223 1531 1360 1570 genitor,

1104 1576 1207 1610 Stella
1227 1579 1364 1612 marina.

1008 1635 1087 1677 Ave,
1117 1635 1218 1676 virgo,

1054 1692 1148 1723 quam
1174 1692 1267 1716 servo
1294 1686 1411 1726 virgini

1007 1729 1250 1764 Commendavit

1053 1779 1191 1813 dulcedo
1218 1780 1359 1822 Domini,

1008 1825 1086 1859 Cum
1111 1827 1154 1860 ad
1180 1836 1306 1861 crucem

1052 1884 1141 1907 suam
1167 1876 1350 1921 accederes,

1004 1922 1107 1956 Natos
1134 1925 1201 1957 eius

1053 1972 1196 2014 dispergi
1222 1982 1380 2017 cerneres»,

1099 2020 1171 2054 Pax
1196 2022 1354 2057 odiorum.

1003 2078 1084 2121 Ave,
1113 2079 1203 2121 virgo

1053 2127 1093 2159 de
1118 2126 1227 2161 David
1253 2131 1407 2175 germine,

1006 2173 1145 2208 Germen
1169 2177 1303 2221 habens,

1051 2224 1109 2256 sed
1134 2225 1204 2257 sine
1228 2228 1362 2268 semine,

1003 2271 1096 2305 Paris
1120 2272 1222 2318 illum,

1054 2321 1104 2352 cui
1128 2323 1232 2362 patris
1256 2325 1366 2357 unet-io

1004 2368 1148 2409 Regnum
1175 2371 1267 2404 dedit

1053 2427 1122 2449 oum
1148 2420 1344 2463 sacerdotio,

1098 2467 1188 2504 Meta
1213 2468 1373 2504 laborum.
