1655 2726
258 231 317 263 39.

254 612 311 646 41.

252 930 310 963 42.

248 1246 305 1278 43.

244 1562 302 1595 44.

242 1879 299 1911 45.

771 134 1034 169 *214—

342 230 422 266 Ave,
448 238 520 261 mea
545 229 716 269 cantilena,

342 276 477 310 Carnem
503 277 622 309 ducens
646 277 688 309 ad
714 285 827 310 serena

388 325 537 357 Paradisi
564 324 698 365 cantica,

338 372 388 405 Ibi
414 372 607 405 celebrando
632 371 727 415 festa,

337 420 388 453 Ibi
412 423 486 453 tuae
511 420 614 453 crucis
637 423 728 461 gesta

385 468 491 501 Erunt
511 477 583 501 mea
606 468 738 500 musica.

337 613 417 654 Ave,
444 612 528 655 Iesu,
555 610 627 643 fons
651 610 829 652 abundans,

337 659 449 700 Lacte,
460 660 556 691 melle
567 668 658 691 mons
672 659 867 700 redundans,

384 707 525 740 Nectare
549 711 582 740 et
605 707 759 748 balsamo,

335 756 396 788 His
424 756 548 788 deliciis
574 754 691 787 frueris

337 804 471 845 Sponsa,
499 813 581 845 quae
603 802 754 835 efficieris

383 851 491 892 Digna
513 852 599 893 regis
623 852 774 887 thalamo,

335 929 416 968 Ave,
443 938 515 961 mea
538 928 704 967 fortitudo,

333 977 393 1016 Qui
417 976 451 1009 in
477 986 571 1009 cruce
595 977 703 1009 hostes
728 976 813 1010 nudo

378 1024 559 1058 Debellasti
586 1033 732 1065 corpore,

336 1072 471 1113 Sanguis
496 1076 568 1105 tuus
595 1074 651 1105 det
673 1073 835 1115 virtutem,

334 1122 420 1154 Crux
438 1124 605 1162 sustentet,
624 1124 660 1153 ut
675 1130 739 1153 non
756 1124 864 1153 nutem

381 1170 420 1202 In
444 1169 508 1202 hoc
531 1169 611 1201 belli
630 1172 784 1209 tempore.

330 1246 411 1288 Ave,
438 1245 511 1278 Iesu
535 1253 660 1284 nomen,
687 1254 756 1286 ave,

332 1293 457 1326 Nomen
482 1301 579 1333 super
604 1293 668 1324 mel
693 1301 800 1333 suave,

378 1341 513 1374 Plenum
534 1341 741 1381 aromatibus,

329 1389 394 1421 Per
418 1392 451 1420 te
474 1389 582 1421 hostes
605 1388 774 1421 debellabo

330 1437 547 1480 Insurgentes,
574 1439 607 1468 te
630 1436 770 1469 laudabo

379 1484 455 1517 Cum
482 1485 629 1525 supernis
655 1484 788 1517 civibus.

327 1561 408 1603 Ave,
435 1562 548 1601 plenus
573 1560 733 1603 unctione,

329 1609 449 1642 Plenus
473 1609 679 1641 miseratione

374 1656 421 1689 Et
442 1657 673 1700 misericordia,

324 1704 395 1737 Tua
418 1714 527 1738 murra
550 1714 775 1748 perungamur,

326 1753 373 1786 Ut
396 1753 443 1785 tui
470 1754 700 1786 constituamur

375 1802 547 1835 Consortes
571 1801 605 1833 in
630 1801 747 1842 patria.

327 1878 408 1919 Ave,
435 1878 518 1922 Iesu,
545 1878 716 1919 paradisus

326 1926 458 1959 Rubens
483 1927 576 1968 rosis,
602 1927 704 1958 nostri
730 1926 817 1959 visus

374 1974 488 2007 Dulcis
513 1975 679 2018 recreatio,

323 2025 353 2055 A
378 2026 412 2054 te
435 2020 553 2055 flumen
577 2023 751 2063 derivetur,

323 2070 398 2103 Tibi
423 2080 484 2111 quo
509 2069 728 2103 sanctificetur

371 2119 483 2152 Nostri
508 2119 615 2153 cordis
639 2119 772 2153 mansio.

946 230 1002 262 40.

944 612 1001 644 46.

944 929 1001 962 47.

940 1247 997 1280 48.

939 1563 995 1596 49.

937 1881 992 1915 50.

1028 230 1110 271 Ave,
1138 230 1192 270 qui
1219 229 1398 261 decubuisti

1024 277 1126 309 Lecto
1152 278 1265 320 crucis,
1291 277 1345 317 qui
1370 275 1460 308 fuisti

1073 324 1172 357 Totus
1197 326 1231 357 in
1258 324 1432 362 doloribus,

1025 372 1126 411 Opem
1151 372 1201 405 fer
1227 373 1261 404 in
1285 373 1371 404 lecto
1396 372 1518 417 mortis,

1023 419 1107 452 Mihi
1132 421 1177 452 sis
1201 421 1331 453 adiutor
1356 419 1460 461 fortis,

1072 466 1234 501 Defensor
1258 468 1298 501 ab
1325 468 1482 501 hostibus.

1026 611 1107 651 Ave,
1134 621 1202 655 rex,
1232 612 1286 652 qui
1311 612 1486 644 ascendisti

1028 658 1139 691 Caelos
1166 663 1198 692 et
1222 660 1389 692 obtinuisti

1074 707 1218 748 Regnum
1245 708 1349 740 crucis
1374 709 1509 753 proelio,

1026 755 1087 794 Da,
1113 759 1150 788 ut
1173 757 1221 788 tui
1245 757 1463 798 recordemur,

1027 805 1262 846 Accendamur,
1287 803 1522 839 inflammemur

1074 853 1142 885 Tuo
1166 853 1338 886 desiderio.

1029 930 1110 969 Ave,
1137 930 1192 970 qui
1217 930 1447 970 redemptionis

1025 977 1134 1009 Armis
1158 987 1210 1010 me
1234 978 1274 1011 ab
1298 979 1457 1019 aquilonis

1072 1024 1238 1065 Separasti
1262 1027 1374 1067 latere,

1024 1072 1144 1105 Contra.
1167 1074 1324 1114 aquilonis
1349 1072 1444 1106 flatus

1023 1120 1127 1152 Tuum
1151 1122 1230 1154 mihi
1254 1122 1363 1162 pande
1387 1122 1482 1166 latus,

1071 1168 1122 1201 Ibi
1146 1170 1188 1202 da
1212 1170 1386 1210 quiescere.

1023 1246 1104 1286 Ave,
1131 1247 1185 1287 qui
1208 1247 1422 1287 placationem

1022 1293 1084 1325 Tui
1108 1302 1168 1333 per
1192 1295 1386 1328 oblationem

1068 1342 1133 1374 Pro
1157 1352 1209 1375 me
1233 1344 1320 1384 patri
1345 1344 1488 1384 exhibes,

1024 1388 1134 1432 Omne,
1162 1392 1262 1424 clavis
1289 1395 1321 1424 et
1346 1401 1469 1435 cruore,

1023 1436 1142 1479 Spinis,
1168 1440 1290 1482 lancea,
1315 1440 1419 1473 livore

1069 1487 1177 1520 Patris
1199 1488 1280 1521 iram
1307 1488 1447 1522 cohibeS.

1022 1564 1103 1604 Ave,
1130 1565 1185 1605 qui
1209 1568 1329 1597 terram
1354 1567 1476 1598 vocasti

1021 1611 1066 1643 Et
1088 1613 1235 1645 terrenos
1262 1613 1400 1646 visitasti

1066 1658 1184 1693 Dando
1210 1661 1256 1693 eis
1280 1662 1427 1702 gratiam,

1019 1706 1071 1740 Da
1094 1716 1154 1748 per
1180 1718 1305 1742 crucem
1331 1720 1388 1743 nos
1413 1711 1544 1757 salvari,

1018 1755 1104 1787 Dum
1131 1757 1294 1799 continget
1319 1762 1506 1800 congregari

1065 1803 1197 1838 Electos
1223 1806 1267 1839 ad
1292 1807 1438 1848 gloriam.

1018 1878 1104 1923 Iesu,
1128 1883 1191 1914 mei
1215 1884 1378 1929 miserere,

1018 1929 1101 1972 Iesu,
1127 1931 1190 1963 mei
1216 1940 1325 1964 curam
1348 1942 1436 1974 gere,

1066 1977 1201 2020 Sanguis
1228 1981 1338 2021 culpas
1364 1982 1484 2026 abluat,

1016 2025 1072 2057 Me
1098 2026 1227 2060 dealbet
1250 2038 1348 2070 super
1372 2032 1489 2071 nivem,

1016 2073 1104 2106 Tuae
1130 2076 1269 2110 civitatis
1295 2078 1397 2111 civem

1064 2122 1120 2155 Me
1144 2126 1274 2167 sanguis
1300 2128 1485 2161 constituat.

586 2195 643 2229 51.
668 2196 753 2236 Iesu,
779 2197 842 2229 mei
867 2197 1028 2243 miserere,

664 2243 717 2276 Da
737 2244 772 2276 in
796 2247 951 2286 paradiso
975 2257 1052 2280 vere

715 2294 879 2333 Amplecti
904 2298 937 2327 te
963 2296 1113 2339 dulciter,

667 2340 761 2381 Iungi
787 2342 893 2375 choris
918 2345 1103 2385 angelorum

1104 2372 1114 2389 7

666 2388 760 2429 Iungi
786 2390 908 2424 civibus
933 2397 1115 2426 sanctorum

714 2438 763 2470 Te
788 2438 950 2473 laudando
975 2442 1105 2483 iugiter.
