1655 2726
161 233 216 272 19.

158 656 215 688 20.

155 1074 212 1105 21.

155 1491 211 1523 22.

152 1911 209 1943 23.

149 2332 205 2365 24.

244 238 326 281 Ave,
352 237 392 271 de
417 246 481 279 qua

292 289 455 320 lactantur
480 288 587 328 augeli

242 336 288 368 Et
311 335 425 368 fideles

290 384 471 424 quicunque
493 384 617 427 populi,

241 432 398 465 Introduc
422 440 480 463 nos

289 481 322 512 in
351 481 479 512 domum
500 479 640 522 Domini,

239 529 297 561 Uti
324 529 391 560 eius

287 578 463 617 psallamus
489 576 621 612 nomini.

243 657 325 694 Ave,
353 656 444 694 virgo

289 704 379 736 caelo
405 702 591 734 inhabitans

237 752 283 785 Et
308 761 368 792 pro
393 751 487 784 nobis

285 801 326 832 ad
353 800 457 833 Deum
484 800 664 842 clamitans,

238 848 315 893 Fac,
342 853 379 881 ut
403 848 517 880 laetati

286 896 400 930 fideles
426 897 538 940 populi

237 946 291 978 Ad
318 954 459 986 superna

284 995 422 1027 tendant
445 994 562 1026 mentis
588 996 682 1028 oculi.

238 1074 320 1113 Ave,
347 1073 381 1104 in
409 1081 502 1112 quam

286 1121 455 1154 descendit
479 1120 682 1162 Emmanuel,

237 1170 337 1210 Quem
363 1178 508 1211 propago

285 1218 449 1259 praevidit
475 1218 577 1250 Israel

237 1267 445 1300 Nascitur-um

287 1316 327 1348 de
352 1324 409 1349 suo
435 1315 566 1358 semine,

234 1365 356 1397 Libera
380 1373 438 1396 nos

284 1413 324 1445 ab
352 1413 438 1445 omni
464 1413 608 1447 crimine.

238 1492 320 1531 Ave,
347 1491 438 1531 virgo

286 1538 380 1571 fortis
405 1541 442 1569 ut
466 1547 556 1571 mons
584 1538 660 1571 Sion

236 1587 282 1620 Et
307 1586 471 1620 confidens

283 1636 317 1668 in
341 1635 405 1668 Dei
429 1633 508 1679 filio,

236 1684 314 1727 Fac,
341 1688 377 1717 ut
401 1684 493 1725 pacis

283 1737 435 1766 aeternae
459 1732 540 1764 visio

234 1782 337 1814 Nobis
365 1790 482 1824 perpes

282 1831 326 1863 sit
351 1829 519 1864 habitatio.

237 1911 319 1951 Ave,
346 1911 452 1942 mater

281 1958 385 1992 Deum
414 1958 600 1998 parturiens

233 2007 279 2040 Et
302 2008 345 2040 ad
371 2016 442 2040 eum

282 2057 427 2097 captivos
454 2057 655 2096 convertens,

233 2106 322 2149 Pete,
349 2104 448 2143 mitis,

281 2163 301 2189 a
325 2157 380 2186 tuo
406 2152 484 2194 filio,

231 2203 308 2236 Fiat
332 2201 425 2235 nobis

279 2254 315 2284 ut
341 2250 529 2284 consolatio.

233 2332 316 2373 Ave,
342 2330 444 2371 virgo,

282 2380 370 2411 cuius
396 2387 505 2414 muros
533 2377 645 2410 domus

231 2428 424 2462 Dominator

279 2476 434 2513 instruxit
459 2475 627 2516 Dominus,

694 140 931 179 453„

854 464 912 497 25.

852 1296 908 1328 27.

850 1714 906 1747 28.

849 2133 905 2165 29.

940 243 1031 276 Vane
1055 240 1205 276 laborant

987 292 1149 324 hominum
1171 291 1239 331 filii,

941 338 976 371 Si
1000 349 1061 371 non
1089 339 1210 372 habent

988 396 1101 419 manus
1127 388 1249 422 auxilii.

937 465 1019 506 Ave,
1045 465 1143 505 plena

987 513 1110 545 timoris
1135 512 1275 553 Domini,

938 559 1025 598 Quae
1049 560 1168 592 nullius

985 608 1121 640 timuisti
1148 609 1283 650 crimini,

940 656 1023 696 Quos
1047 659 1182 696 peccata

985 714 1049 737 non
1075 704 1123 737 vis
1150 706 1360 745 committere,

937 752 1006 786 Fac
1030 754 1064 785 in
1090 753 1150 785 viis

984 801 1045 834 Dei
1075 802 1239 835 incedere.

902 905 909 911 .
935 879 1017 918 Ave,
1044 880 1146 920 virgo,

986 937 1080 968 quam
1105 928 1212 960 nullus
1238 929 1379 962 hostium

935 976 1163 1017 Expugnatam

986 1025 1088 1058 traxit
1112 1025 1154 1056 ad
1180 1025 1304 1068 vitium,

937 1072 1068 1114 Nosque
1093 1081 1188 1104 serva

985 1121 1025 1153 ab
1051 1122 1313 1162 impugnantibus

935 1169 978 1202 Et
1005 1170 1096 1210 eripe

983 1218 1048 1250 tuis
1075 1217 1259 1251 virtutibus.

934 1296 1016 1339 Ave,
1046 1296 1146 1338 virgo,

985 1354 1067 1385 quae
1093 1345 1267 1385 supercilia

935 1392 1090 1425 Habuisti

985 1451 1114 1482 semper
1139 1441 1282 1486 humilia,

937 1489 1051 1531 Neque
1076 1490 1180 1522 erexit

986 1547 1041 1571 cor
1068 1538 1232 1577 exaltatio,

935 1586 1108 1619 Sanctifica

983 1645 1041 1668 nos
1067 1640 1121 1668 tuo
1148 1634 1227 1667 filio.

933 1714 1015 1754 Ave,
1042 1714 1147 1753 virgo,

982 1761 1238 1794 mansuetudinis

934 1811 1039 1843 Heres
1064 1809 1173 1843 David

983 1863 1015 1891 et
1039 1858 1252 1899 fortitudinis,

934 1908 1160 1950 Obsecramus,

980 1958 1084 1989 nostri
1104 1956 1300 1999 memineris,

932 2006 993 2046 Qui
1018 2005 1178 2038 volvimur

981 2055 1015 2086 in
1032 2055 1101 2086 iuto
1126 2053 1271 2085 sceleris.

932 2133 1014 2176 Ave,
1043 2133 1132 2164 cuius

981 2180 1122 2213 iucunda
1148 2179 1276 2211 bonitas

930 2230 993 2263 Est
1019 2234 1050 2262 et
1075 2236 1204 2268 semper

980 2278 1067 2311 bona
1091 2276 1276 2310 iucunditas

933 2327 1133 2368 Deprecare,

982 2379 1019 2408 ut
1043 2374 1232 2407 fraternitas

935 2424 986 2457 Sit
1009 2425 1096 2457 inter
1120 2432 1178 2455 nos

981 2476 1014 2506 et
1037 2475 1149 2506 sancta
1175 2472 1304 2506 caritas.
