1655 2726
775 149 1038 183 —262—

878 247 920 279 X.

270 312 301 344 1.
316 312 454 353 Plange,
481 313 594 352 mater,
621 310 739 351 plange
762 315 870 343 natum
956 314 988 345 6.
1003 313 1125 352 Plange
1149 320 1272 350 manus,
1298 310 1410 351 pedes,
1439 310 1536 351 latus,

314 359 404 391 Dura
430 366 524 391 cruce
550 361 799 390 consummatum
1004 359 1141 392 Cunctos
1168 358 1234 390 nati
1263 357 1434 398 cruciatus,

364 405 481 440 Mortis
508 406 706 440 exte1minio.
1050 407 1148 446 Quem
1175 408 1264 437 tenes
1289 405 1323 437 in
1348 404 1479 445 gremio.

270 486 301 517 2.
316 484 448 526 mange,
475 485 578 514 morte
602 482 676 514 Iesu
702 483 804 514 visum
959 484 990 515 7.
1007 483 1135 523 mange,
1163 482 1239 522 quia
1264 481 1409 521 sepelisti

316 531 394 563 Fuit
418 531 523 564 velum
550 531 663 570 templi
687 531 832 572 scissum,
1004 530 1139 562 Dulcem
1166 532 1287 571 natum,
1314 538 1407 570 quem
1433 530 1539 563 lavisti

365 581 412 613 Ut
437 579 520 612 vidit
545 578 699 611 centurio.
1052 578 1273 611 Lacrimarum
1298 576 1406 611 fluvio.

271 658 302 691 3.
318 657 449 697 Plange,
477 658 565 687 terra
589 655 700 687 tremit
725 655 847 696 dolens,
958 656 989 689 8.
1004 656 1135 697 mange,
1163 653 1243 688 facis
1269 658 1304 687 tu
1327 656 1502 688 lamentum

317 704 450 744 Quando
475 704 566 736 Iesus
593 704 696 744 spirat
721 704 831 736 volens
1003 704 1076 736 Iesu
1102 705 1250 744 linquens
1274 708 1516 737 monumentum

364 752 475 786 Crucis
500 752 533 784 in
559 752 744 792 suspendio.
1050 752 1161 785 Debili
1186 752 1332 794 vestigio.

266 830 299 863 4.
317 830 447 870 Plange,
474 828 522 860 tui
546 831 649 861 morte
674 829 742 861 nati
956 831 987 863 9.
1003 830 1135 873 Plange‚
1170 830 1298 862 domum
1323 833 1358 862 tu
1384 833 1562 871 revertens,

320 878 438 910 Petrae
454 877 574 910 scissae
590 879 674 917 sunt,
693 886 787 917 quem
804 877 871 917 pati
1003 878 1107 918 Saepe
1131 877 1262 910 tumbae
1286 878 1407 911 vultum
1433 881 1563 911 vertens

360 925 464 967 Luget
488 925 569 957 caeli
594 926 709 957 contio.
1052 924 1248 959 Genuflectis
1272 925 1351 959 filio.

272 1003 291 1035 5
320 1002 450 1044 Plange,
476 1004 589 1042 mater,
610 1002 735 1034 dulcem
751 1005 872 1045 natum,
934 1004 989 1038 10.
1007 1004 1134 1044 mange,
1163 1012 1295 1035 cernens
1320 1007 1521 1036 revertentes

317 1052 348 1082 A
372 1050 516 1091 Longino
542 1050 722 1082 lanceatum
1003 1052 1110 1084 Morte
1135 1053 1208 1085 Iesu
1231 1052 1348 1084 missos
1372 1050 1486 1084 flentes

364 1098 477 1131 Cordis
503 1098 552 1130 sui
577 1098 694 1132 medio.
1051 1099 1095 1131 Et
1120 1108 1176 1132 suo
1204 1098 1346 1140 diffugio.

615 1175 669 1208 11.
685 1175 745 1207 Pia
768 1178 882 1217 mater,
908 1178 1114 1215 peccatorum

686 1224 808 1257 Contra
832 1223 935 1255 Deum
961 1225 1200 1257 commissorum

733 1272 851 1312 Purget
876 1280 933 1303 nos
959 1272 1119 1305 contritio.

777 1357 1025 1392 Conclusio.

270 1426 295 1457 1,
317 1425 376 1457 Pia
402 1427 514 1464 mater,
541 1433 626 1456 nunc
650 1424 757 1457 oblato
959 1427 990 1460 3.
1006 1425 1128 1466 Sponte
1154 1426 1237 1468 dico,
1265 1428 1351 1467 quod
1376 1429 1483 1460 erravi

321 1474 349 1505 A
375 1482 427 1504 me
451 1472 555 1514 gaude
581 1472 677 1504 corde
702 1473 768 1505 lato
1004 1474 1050 1506 Et
1072 1475 1107 1507 in
1131 1475 1247 1516 Iesum,
1274 1476 1347 1518 heu,
1373 1477 1507 1516 peccavi

364 1521 430 1553 Vili
456 1520 516 1552 hoc
541 1521 683 1554 exennio.
1052 1523 1143 1555 Ausu
1168 1524 1351 1557 temerario.

272 1600 303 1632 2.
321 1598 417 1639 Cupit
441 1606 546 1630 meum
571 1607 626 1630 cor
652 1607 759 1630 amare
958 1602 990 1633 4.
1006 1600 1087 1639 Quia
1108 1604 1215 1633 tamen
1239 1601 1300 1633 tibi
1325 1603 1416 1635 Iesus

318 1646 364 1679 Et
387 1650 420 1678 te
444 1654 572 1686 semper
596 1646 781 1679 collaudare
1005 1649 1061 1680 Me
1087 1649 1243 1681 commisit
1270 1658 1364 1682 cruce
1387 1652 1495 1684 laesus

370 1694 510 1735 Spiritus
536 1694 688 1734 tripudio.
1056 1696 1132 1729 Sine
1157 1696 1337 1739 refrigerio,

641 1773 672 1806 5.
687 1771 821 1812 Semper
846 1780 954 1805 curam
978 1781 1054 1814 gere
1077 1774 1149 1815 mei,

688 1820 871 1852 peccatoris
896 1823 992 1861 atque
1016 1821 1074 1862 rei,

735 1868 847 1909 Empti
870 1878 985 1910 magno
1009 1870 1125 1910 pretio.

325 1950 461 1981 Officium
487 1961 596 1980 novum
615 1954 695 1981 beati
714 1953 856 1981 Iohannis
874 1955 944 1990 imp.
964 1954 1118 1984 Bononiae
1142 1954 1224 1984 1525.
1249 1972 1287 1975 —
1315 1959 1444 1995 „Incipit
1460 1960 1571 1989 devoia

247 2000 356 2019 corona
370 1992 407 2019 ad
421 1992 562 2020 honorem
575 1993 700 2028 virginis
714 1992 837 2027 Mariae,
858 1992 939 2020 edita
951 1994 982 2020 in
995 1996 1165 2022 memoriam
1179 1997 1273 2031 passi<
1282 1997 1328 2025 nis
1343 1999 1390 2025 sui
1404 1998 1570 2027 dulcissimi

246 2028 329 2058 fflii.“
343 2046 383 2050 —
403 2029 426 2059 I.
446 2029 473 2064 8,
496 2028 513 2056 2
543 2031 643 2058 missa.
669 2045 706 2049 —-
730 2031 769 2058 Π.
791 2029 817 2065 5,
839 2028 857 2057 2
881 2033 958 2059 tuos.
994 2047 1032 2051 —
1055 2033 1110 2061 ΠΙ.
1131 2033 1159 2068 7,
1178 2032 1196 2060 2
1216 2036 1350 2063 multum.
1377 2053 1414 2058 —
1445 2038 1482 2066 X.
1504 2036 1530 2074 9,
1552 2036 1570 2065 2

249 2069 362 2097 ‘curbae
384 2085 421 2089 ——
444 2068 488 2103 11,
510 2066 527 2097 3
548 2069 668 2105 Pusgat.
690 2085 728 2089 —
748 2069 848 2097 Concl.
870 2067 896 2104 5,
917 2068 936 2097 2
957 2070 1139 2100 Peccatores.

786 2223 1017 2230 ———.—
