1655 2726
560 647 638 680 VIII.
669 648 859 679 Psalterium
878 648 993 680 beatae
1014 648 1131 680 Mariae
1154 648 1190 679 V.

604 712 734 742 auctore
758 710 898 742 Antonio
927 710 966 742 de
991 710 1140 744 Lantsee.

629 815 768 848 Prima
799 815 1116 856 Quinquagena.

255 893 286 926 1.
312 893 393 932 Ave,
421 893 546 933 plasma
572 892 711 931 deitatis,
918 893 974 925 15.
1000 893 1080 934 Ave,
1107 894 1161 934 pie
1185 893 1324 925 salutata

311 941 362 973 Ab
390 944 519 973 aeterno
545 943 790 980 praeconcepta.
997 941 1150 982 Alloquio
1176 940 1371 982 archangeli.

253 1009 286 1041 2.
311 1009 391 1052 Ave,
419 1016 495 1040 arca
516 1008 682 1051 trinitatis,
918 1008 972 1041 16.
1000 1009 1081 1048 Ave,
1108 1010 1189 1040 mire
1214 1008 1383 1048 gravidata

311 1057 397 1089 Ante
420 1059 545 1095 tempus
567 1056 762 1096 praeelecta.
997 1057 1028 1088 A
1056 1057 1128 1089 divo
1156 1059 1281 1088 rectore
1306 1055 1383 1096 poli.

255 1125 285 1157 3.
312 1124 393 1166 Ave,
420 1124 509 1163 virgo
535 1131 697 1165 generosa,
917 1124 971 1156 17.
998 1124 1077 1166 Ave,
1105 1133 1164 1164 per
1189 1123 1338 1163 spiritum
1364 1124 1509 1154 sanctum

313 1172 365 1203 Ab
392 1171 503 1212 angelo
529 1171 723 1211 praesagita.
997 1171 1159 1204 Divinitus
1185 1171 1384 1203 obumbrata.

255 1241 288 1272 4.
314 1240 395 1278 Ave,
421 1240 524 1271 mater
549 1237 697 1278 gratiosa,
916 1236 970 1271 18.
997 1238 1077 1279 Ave,
1103 1239 1136 1270 in
1162 1241 1268 1279 partu,
1295 1240 1369 1278 post
1394 1239 1524 1277 partum

314 1287 495 1319 Virtutibus
521 1285 680 1318 redimita.
997 1285 1040 1318 Et
1066 1289 1140 1318 ante
1164 1286 1365 1317 intemerata.

254 1356 285 1388 5.
312 1355 393 1394 Ave,
420 1361 549 1394 germen
574 1353 773 1393 prophetale,
917 1353 971 1387 19.
998 1354 1080 1394 Ave,
1107 1353 1242 1386 visitans
1270 1356 1447 1394 cognatam,

312 1404 341 1434 A
367 1401 559 1442 patriarchis
586 1400 683 1434 edita.
996 1401 1166 1434 Elisabeth
1190 1402 1359 1434 servitura.

255 1472 286 1504 6.
313 1471 393 1510 Ave,
420 1468 565 1511 genimen
590 1468 707 1510 regale,
915 1469 968 1501 20.
996 1470 1076 1510 Ave,
1097 1469 1259 1502 Christum
1277 1469 1319 1501 ad
1337 1469 1533 1510 prophetam

315 1516 522 1550 Pontificibus
547 1516 664 1556 genita.
996 1516 1131 1549 Portans
1157 1517 1394 1556 pereruditura.

254 1587 285 1619 7.
312 1587 395 1625 Ave,
421 1586 454 1616 in
482 1586 637 1625 conceptu
662 1592 753 1624 pura,
915 1584 969 1616 21.
995 1584 1077 1627 Ave,
1104 1585 1137 1616 in
1163 1584 1275 1616 caelici
1298 1587 1395 1624 partu

313 1633 434 1666 Carens
458 1631 532 1664 labe
556 1632 729 1672 primitiva.
997 1633 1123 1665 Subolis
1150 1630 1389 1665 fecundissima.

254 1703 285 1736 8.
314 1702 394 1742 Ave,
421 1701 555 1732 matrem
582 1707 759 1740 egressura,
915 1702 970 1733 22.
997 1700 1078 1742 Ave,
1104 1701 1138 1732 in
1163 1700 1315 1740 stupendi
1341 1702 1415 1732 ortu

311 1749 434 1781 Mundo
462 1747 558 1779 decus
583 1747 725 1779 allativa.
997 1747 1121 1780 Sideris
1146 1748 1335 1781 laetissima.

253 1818 283 1850 9.
309 1817 389 1859 Ave,
419 1815 527 1848 vivens
553 1815 586 1846 in
612 1814 672 1846 hae
696 1814 763 1846 vita
915 1817 970 1850 23.
998 1816 1078 1857 Ave,
1103 1815 1294 1847 iubilatione

312 1864 387 1897 Sine
412 1863 671 1904 reprehensione.
996 1864 1152 1904 Angelica
1178 1864 1327 1903 gloriosa.

229 1932 283 1966 10.
310 1933 391 1974 Ave,
418 1931 505 1964 velut
527 1930 701 1971 margarita
915 1932 970 1965 24.
997 1932 1079 1972 Ave,
1107 1939 1189 1972 quae
1213 1933 1398 1965 accessione

309 1981 413 2013 Exsul
439 1990 456 2012 a
481 1978 677 2019 contagione.
998 1979 1163 2012 Pastorum
1193 1987 1226 2011 es
1252 1981 1417 2021 gaudiosa.

228 2049 283 2082 11.
310 2049 391 2089 Ave,
416 2048 622 2088 praesentata
646 2046 777 2086 templo,
915 2048 971 2079 25.
996 2046 1077 2088 Ave,
1106 2048 1349 2081 circumcisione

312 2096 361 2128 Ibi
387 2096 456 2128 Deo
482 2095 649 2126 servitura.
995 2095 1128 2127 Alumni
1153 2093 1293 2129 fundens
1319 2099 1517 2138 sanguinem.

229 2165 283 2197 12.
311 2164 391 2203 Ave,
419 2162 582 2196 laudando
610 2162 754 2201 exemplo
915 2163 971 2195 26.
998 2162 1079 2204 Ave,
1108 2172 1188 2204 quae
1214 2173 1233 2196 a
1258 2165 1378 2198 livione

309 2212 437 2253 Degens
462 2211 521 2243 sub
550 2210 660 2243 divina
685 2219 771 2242 cura.
996 2210 1142 2244 Foedum
1173 2213 1337 2245 mundasti
1361 2215 1533 2251 hominem.

227 2279 281 2313 13.
308 2280 388 2323 Ave,
417 2278 530 2311 crebro
556 2278 739 2319 angelorum
915 2279 971 2312 27.
997 2279 1079 2321 Ave,
1105 2280 1290 2320 percipiens
1316 2291 1335 2313 a
1359 2284 1460 2325 magis

309 2328 405 2361 Dulei
432 2327 588 2367 colloquio
614 2325 708 2360 freta.
996 2327 1135 2360 Munera
1158 2337 1253 2368 quam
1277 2330 1435 2371 largiflua.
