1655 2726
165 225 198 257 4.
224 224 307 267 Ave,
334 225 448 258 mortis

271 273 363 307 Evae
389 274 568 309 destructio

225 321 385 364 Vitaeque
410 332 484 364 spes

273 373 305 402 et
329 371 504 412 restitutio,

222 418 314 451 Audi
338 428 465 464 preces,

272 468 387 508 quibus
413 471 446 501 te
471 470 609 511 petimus

224 515 338 557 Neque
363 526 509 562 spernas,

273 565 329 606 qui
352 569 385 598 te
412 567 628 608 deposcimus.

165 644 197 676 5.
223 642 307 687 Ave,
333 643 425 684 larga

273 692 425 725 donatrix
450 693 574 735 veniae,

224 740 385 774 Miserere

271 788 347 821 filiis
372 790 508 832 gratiae,

223 838 307 877 Quos
333 838 503 870 conculcat

270 885 373 925 pestis
399 885 581 927 superbiae,

221 933 266 966 Et
289 933 481 975 impugnant

269 982 378 1014 hostes
402 984 472 1015 tota
497 982 561 1015 die.

163 1060 194 1092 6.
220 1057 303 1099 Ave,
327 1060 428 1101 virgo,

267 1116 350 1147 quae
374 1107 467 1140 nobis
492 1108 618 1142 miseris

221 1154 421 1188 Subveniens

266 1212 395 1245 semper
419 1205 595 1247 misereris,

218 1251 381 1285 Miserere

265 1301 369 1344 nobis,
397 1304 429 1333 te
455 1302 627 1345 poscimus,

222 1348 283 1388 Qui
307 1349 427 1391 iugiter

267 1398 300 1429 in
326 1401 359 1430 te
386 1398 586 1432 confidimus.

159 1477 190 1509 7.
217 1476 298 1515 Ave,
328 1476 428 1517 virgo,

267 1533 350 1564 quae
376 1533 487 1557 verum
511 1524 653 1558 iudicem

220 1572 392 1612 peperisti,

269 1621 436 1653 criminum
464 1622 634 1666 vindicem,

219 1669 298 1711 Fac,
325 1673 363 1702 ut
388 1670 455 1703 eius

265 1718 412 1752 vindicta
438 1716 565 1764 [anxia]

218 1768 256 1800 In
281 1777 339 1800 nos
366 1769 606 1809 praeponderet

265 1816 500 1853 misericordia.

156 1896 188 1928 8.
214 1894 297 1936 Ave,
324 1896 421 1935 port-a

266 1945 383 1983 patens
407 1943 562 1985 iustitiae,

216 1991 282 2025 Sed
306 1992 450 2033 principi

265 2041 375 2075 clausa
399 2042 553 2083 malitiae,

219 2089 342 2123 Libera
365 2099 424 2122 nos

267 2139 408 2172 clemens
433 2139 474 2172 ab
502 2139 658 2181 hostibus,

213 2187 369 2229 Eripiens

265 2236 306 2269 ab
332 2235 584 2277 insurgentibus.

155 2315 187 2348 9.
213 2315 297 2356 Ave,
325 2315 415 2356 virgo

266 2372 359 2397 sacro
385 2363 562 2405 spiramine

214 2413 415 2453 Fecundata,

261 2470 326 2494 non
351 2461 413 2495 viri
440 2460 573 2502 semine,

702 128 939 165 -47—

951 229 1018 262 Nos
1045 230 1155 263 divina

995 279 1045 312 ira
1069 288 1133 312 non
1159 278 1314 322 destruat,

948 326 1013 360 Sed
1038 327 1175 360 rebelles
1201 330 1258 360 tua

997 375 1114 408 caritas
1140 378 1242 409 eruat.

865 452 919 486 10.
945 451 1026 495 Ave,
1054 454 1158 484 mater

992 500 1148 533 salvantis
1172 501 1345 540 saeculum,

945 548 1098 582 Caritatis

992 596 1144 629 renidens
1169 597 1344 639 speculum,

942 645 1031 678 Audi
1055 654 1169 685 preces

991 696 1024 725 te
1051 693 1292 734 deprecantium

944 741 1126 774 Annuendo

991 790 1075 824 votis
1101 789 1273 825 orantium.

863 868 916 901 11.
943 867 1023 912 Ave,
1051 867 1152 899 hostis

988 915 1222 957 impudicitiae,

942 964 1023 1004 Regi
1049 972 1167 1003 parens

991 1011 1093 1044 omnis
1118 1011 1306 1057 munditiae,

941 1059 1010 1092 Fac
1033 1068 1092 1092 nos
1119 1063 1186 1092 eius

989 1107 1151 1141 mandatis
1176 1107 1281 1140 subici

947 1156 1089 1189 Salutari

988 1204 1149 1245 placendo
1173 1204 1283 1237 iudici.

862 1284 916 1317 12.
943 1283 1023 1326 Ave,
1052 1281 1226 1322 splendens

987 1331 1121 1363 lucerna
1146 1330 1276 1373 saeculi,

941 1379 1118 1412 Christiani

988 1436 1062 1468 spes
1087 1436 1165 1459 vera
1189 1427 1314 1471 populi,

939 1476 1017 1521 Fac,
1045 1477 1081 1507 ut
1105 1476 1204 1508 simus

989 1525 1033 1557 ad
1057 1524 1162 1556 Deum
1187 1523 1303 1564 vigiles

940 1573 1010 1606 Nec
1034 1572 1094 1606 filii

987 1622 1069 1654 lucis
1097 1620 1279 1654 dissimiles

861 1701 915 1735 13.
944 1699 1025 1743 Ave,
1053 1697 1154 1730 iustos

989 1755 1118 1787 semper
1143 1746 1331 1788 exaudiens,

940 1796 1050 1828 Mater
1074 1805 1158 1836 pura

991 1848 1024 1876 et
1048 1844 1139 1884 virgo
1165 1843 1305 1888 pariens,

944 1892 1109 1933 Coniunge
1133 1900 1191 1925 nos

987 1942 1094 1974 Deum
1118 1940 1318 1983 timentibuS,

940 1990 1094 2031 Eripiens

989 2039 1029 2072 ab
1057 2038 1124 2071 eius
1150 2038 1307 2071 hostibus.

858 2118 913 2152 14.
939 2118 1021 2162 Ave,
1049 2116 1127 2149 Sion

989 2165 1137 2198 caelestis
1162 2165 1306 2208 specula,

940 2216 1041 2256 Quam
1066 2222 1126 2254 per
1151 2216 1268 2246 cuncta

988 2264 1059 2296 laus
1086 2262 1179 2295 decet
1203 2263 1342 2307 saecula,

940 2313 1019 2354 Fac,
1045 2313 1082 2344 nt
1107 2312 1197 2352 pacis

991 2359 1096 2393 effecti
1120 2360 1201 2393 visio

940 2411 1024 2443 Vota
1049 2408 1114 2443 Dei

989 2458 1163 2492 reddamus
1189 2456 1267 2494 filio.
