1655 2726
176 216 232 249 22.

175 771 233 804 25.

174 1003 233 1036 26.

172 1535 228 1568 30.

173 1768 230 1802 31.

166 2307 224 2340 35.

693 121 957 158 —131—

260 217 359 250 Multi
387 217 518 250 dicunt:
554 219 624 259 quis
651 219 801 252 ostendet

259 264 363 299 Nobis
388 266 473 298 bona
499 266 668 300 remedia?

260 313 295 346 Si
306 317 338 346 te
348 317 514 358 quaerent,
524 314 606 348 haec
615 315 810 356 praetendet

258 362 318 395 Eis
344 366 399 395 tua
426 363 606 399 clementia.

874 220 930 255 23.
960 220 1137 254 Clementia
1163 231 1278 262 magna
1299 222 1395 263 plena

956 270 1065 311 Atque
1090 279 1231 311 superna
1254 271 1371 313 gratia,

955 318 1096 351 Pulchra
1128 319 1223 351 nimis
1250 322 1283 351 et
1307 327 1470 360 aemoena,

959 366 1121 400 Redolens
1147 376 1247 409 supra
1272 367 1353 402 lilia.

524 452 581 485 24.
607 450 695 483 Lilia
719 452 810 484 nulla
834 452 945 485 taliter

606 498 768 541 Fraglant
791 509 851 533 nec
873 501 995 534 nardus
1019 509 1080 534 neo
1104 501 1216 544 herba,

610 547 702 581 Sicut
726 548 854 581 Mariae
877 549 995 590 iugiter

609 596 705 631 Vitae
729 599 830 641 gesta,
857 598 963 630 laudis
989 597 1099 631 verba.

809 694 848 728 V.

259 770 370 803 Verba
394 779 466 803 mea
491 771 675 813 percipiant

257 819 364 851 Aures
390 821 464 851 tuae
487 820 628 863 pietatis,

259 866 356 900 Unde
380 867 460 899 mihi
485 868 678 900 subveniant

257 915 375 948 Manus
401 919 532 949 sanctae
557 916 725 950 trinitatis,

256 1002 428 1036 Trinitatis
452 1003 633 1036 dominicae

255 1051 407 1092 Hospita,
436 1051 534 1093 digna
558 1050 688 1095 femina,

256 1099 430 1132 Dominum
455 1099 562 1132 Iesum
586 1100 681 1132 unice

254 1148 410 1188 Portasti,
436 1151 552 1188 potens
580 1149 717 1182 domina.

870 773 926 805 27.
953 772 1092 805 Domina
1116 775 1237 815 nostra,
1267 772 1331 804 dux
1356 771 1442 804 vitae

951 821 997 853 Et
1020 821 1163 853 iustitiae
1189 821 1312 860 semita,

953 870 1048 902 Vitae
1073 878 1163 902 meae
1190 878 1253 901 non
1279 869 1421 901 munitae

951 917 1094 951 Insidias
1119 917 1309 958 praecipita.

868 1004 926 1038 28.
952 1004 1200 1045 Praecipitaque
1223 1006 1333 1036 reatus

952 1052 990 1084 In
1016 1051 1213 1093 profundum
1238 1053 1455 1094 lacrimarum,

951 1101 1069 1143 Maria,
1094 1099 1232 1133 fundens
1257 1104 1407 1140 precatus

950 1149 1006 1181 Ad
1031 1149 1168 1181 salutem
1194 1148 1382 1184 animarum,

519 1235 575 1270 29.
602 1235 794 1268 Animarum
817 1236 891 1268 Iesu
916 1236 1015 1277 salus,

605 1283 740 1316 Genitus
768 1293 807 1316 ex
832 1284 893 1317 hac
919 1284 1053 1325 virgine,

601 1332 679 1375 Des,
704 1334 741 1364 ut
765 1331 859 1365 fleam
884 1332 970 1365 mala
995 1332 1098 1365 malus

602 1381 705 1413 Prece
729 1382 919 1421 praecelsae
945 1381 1103 1414 dominae.

791 1469 849 1502 VI.

255 1534 404 1576 Domine,
429 1543 470 1566 ne
494 1535 528 1568 in
553 1533 664 1568 furore

254 1583 323 1615 Tuo
348 1591 401 1616 me
427 1584 559 1616 tandem
585 1593 710 1628 arguas,

253 1632 284 1664 A
310 1631 437 1664 Mariae
461 1632 574 1665 matris
602 1642 658 1665 ore

254 1680 369 1713 Sumas
394 1689 509 1721 preces
534 1681 713 1715 continuas.

258 1768 432 1801 Continuas
458 1777 572 1809 preces
596 1767 698 1802 funde

254 1817 317 1850 Pro
344 1818 528 1851 errantibus
553 1818 587 1849 in
614 1819 667 1850 via

253 1865 298 1898 Et
322 1875 421 1907 aquas
450 1867 545 1900 vallis
570 1865 754 1906 profundae

252 1914 389 1958 Nimias,
414 1918 528 1956 mater,
561 1915 621 1948 eia.

866 1537 922 1571 32.
949 1536 1021 1577 Eia,
1048 1545 1133 1567 nunc
1159 1536 1314 1568 miserere

949 1585 1017 1617 Mei
1042 1587 1090 1623 tu,
1116 1585 1203 1617 mitis
1229 1583 1346 1624 Maria,

948 1633 1205 1674 Aegrotantique
1229 1633 1360 1665 medere

949 1682 996 1714 Et
1018 1682 1153 1722 impium
1178 1682 1234 1722 pie
1257 1681 1323 1721 pia.

865 1771 921 1806 33.
946 1769 1004 1802 Pia
1030 1772 1192 1810 potestate
1217 1769 1338 1812 vigens,

948 1819 1043 1851 Bella
1067 1827 1217 1859 premens
1244 1818 1383 1858 hostilia,

949 1867 1031 1909 Age,
1059 1875 1100 1898 ne
1124 1876 1175 1899 me
1201 1866 1251 1900 vir
1275 1865 1431 1908 adfligens

949 1916 980 1950 A
1007 1916 1081 1949 Iesu
1107 1914 1198 1958 fuget
1220 1915 1334 1956 gloria.

515 2004 570 2037 34.
599 2003 713 2037 Gloria
738 2003 809 2047 tibi,
839 2003 978 2045 domina,

601 2053 690 2092 Quae
714 2061 775 2092 per
799 2053 864 2085 iter
888 2053 1061 2093 impiorum

602 2101 735 2143 Spargis
761 2102 886 2143 gratiae
911 2102 1044 2143 semina,

601 2150 648 2184 Ut
672 2151 758 2184 viam
783 2153 920 2184 noscant
944 2151 1113 2184 iustorum.

783 2239 857 2274 VII.

250 2305 399 2348 Domine,
427 2306 514 2339 Deus
541 2307 695 2349 salvator,

251 2355 427 2389 Liber-ator
451 2364 693 2400 oppressorum,

253 2404 319 2437 Per
341 2407 477 2437 matrem
494 2406 603 2438 salver
625 2407 791 2446 peccator,

252 2453 341 2494 Quae
366 2452 504 2487 nescivit
528 2454 591 2486 viri
617 2455 756 2488 thorum.

865 2308 921 2343 36.
948 2307 1090 2340 Thorum
1119 2306 1202 2338 enim
1228 2305 1262 2338 in
1288 2305 1430 2347 peccatis

948 2356 1037 2389 scivi
1060 2355 1218 2387 mundum
1242 2355 1470 2396 amplexando,

949 2404 1013 2438 Sed
1040 2413 1091 2437 me
1115 2404 1227 2437 levans
1253 2414 1334 2437 sana
1358 2405 1460 2447 gratis

951 2454 1148 2488 Gonsensum
1173 2462 1310 2494 nequam
1327 2454 1488 2489 necando.

1272 2511 1313 2543 9...
