1655 2726
196 536 251 570 15.

192 1136 246 1168 16.

186 1748 240 1782 17.

186 2365 243 2399 18.

715 130 978 167 —107-

279 224 324 257 Ni
350 224 444 258 fallat
467 227 533 260 ista
557 229 677 272 regula,

275 273 345 306 Aut
373 278 528 315 peccator
553 276 682 315 piacula

329 323 534 356 Paenitentia
558 325 720 369 purgabit,

279 372 345 403 Aut
374 371 523 404 detentus
549 381 568 403 a
593 371 701 405 facula

276 419 315 451 In
342 420 540 460 sempiterna
566 422 697 453 saecula

323 467 378 500 Ad
396 471 429 500 te
447 478 511 501 non
529 469 816 511 adpropinquabit.

281 535 444 568 Conserva
468 546 529 578 me,
556 546 628 569 nam
657 539 764 577 timeo,

280 582 499 618 Contremisco
527 588 560 617 et
584 595 686 626 paveo

325 632 377 664 Ex
403 633 557 666 bonorum
586 635 730 667 carentia

277 679 331 724 Et,
359 682 386 712 si
413 691 476 723 qua
501 686 585 722 sunt,
611 692 674 715 non
700 684 806 725 video,

277 729 369 768 Quod
397 739 497 772 egam,
525 732 584 763 sed
610 740 697 772 egeo,

325 777 373 810 Ut
400 782 547 811 crescant
571 783 627 811 tua
651 780 775 820 gratia,

279 825 328 857 Tu
354 828 457 859 exsuli
483 837 502 860 a
526 828 635 869 patria

276 873 322 905 Es
349 883 425 914 pars
451 875 650 908 hereditaria

324 922 445 955 Bibens
471 924 505 956 in
532 924 631 955 calice
652 933 733 965 meo,

276 969 361 1002 Dum
388 972 422 1003 in
448 981 520 1004 mea
545 972 678 1012 angaria

275 1018 382 1050 Adest
407 1022 463 1052 tua
487 1021 667 1063 clementia,

322 1068 367 1099 Et
391 1067 425 1099 in
451 1069 586 1108 pulvere
611 1069 719 1101 sedeo.

278 1134 415 1176 Exaudi,
445 1135 583 1168 Domine
609 1136 759 1176 clemens,

276 1182 375 1221 Quem
403 1186 567 1216 examinat
592 1184 765 1217 vehemens

321 1231 367 1264 Et
393 1233 465 1265 dira
490 1232 671 1273 tribulatio,

270 1279 326 1312 Ad
353 1283 386 1312 te
412 1280 561 1322 confugio
589 1283 741 1321 tremens,

274 1328 495 1369 vagabundus
521 1332 618 1370 atque
642 1328 794 1371 fremens,

321 1377 367 1410 Ut
393 1387 465 1410 mea
489 1379 534 1410 sis
560 1379 708 1422 salvatio,

274 1426 359 1457 Alae
384 1429 460 1459 tuae
484 1428 655 1468 protectio,

275 1474 358 1514 Quas
386 1484 505 1516 quaero
530 1484 590 1516 pro
616 1474 751 1518 refugio,

318 1522 433 1555 Assint
439 1524 527 1567 mihi,
536 1524 591 1563 qui
598 1533 665 1556 sum
672 1533 811 1566 gemens,

269 1571 322 1603 Ab
349 1572 535 1613 insultuque
561 1573 657 1605 noxio

273 1620 349 1652 Mea
374 1619 455 1653 fiant
481 1619 638 1662 defensio,

321 1668 371 1701 Ne
388 1670 463 1710 plus
483 1670 624 1710 exagitet
641 1679 693 1702 me
709 1680 809 1705 mens,

270 1746 413 1788 Diligani
438 1751 479 1792 te,
508 1747 700 1787 dominator,

273 1795 352 1828 Cum
378 1795 479 1829 fueris
505 1796 663 1829 liberator

317 1844 412 1877 Meus
438 1848 536 1887 atque
561 1844 731 1887 refugium,

273 1893 425 1926 Laudans
452 1903 577 1936 quoque
601 1895 769 1928 invocator

272 1942 334 1974 Tui
358 1952 415 1975 oro
441 1947 473 1975 et
499 1946 640 1985 rogator,

318 1992 474 2031 Quoniam
499 1992 728 2034 necessarium,

272 2039 317 2072 Ut
344 2041 460 2073 doceas
486 2042 529 2074 ad
554 2042 714 2081 proelium

269 2088 387 2121 Manus
412 2099 501 2122 meas
526 2091 559 2122 et
586 2090 763 2131 brachium,

318 2137 362 2170 Et
387 2140 474 2178 quod
499 2138 575 2171 fiam
600 2139 648 2170 sic
670 2139 810 2172 bellator

268 2186 323 2218 Ad
350 2187 599 2228 expugnandum
625 2188 749 2231 vitium,

271 2234 318 2268 Ut
343 2239 375 2267 et
402 2235 542 2269 hostium
568 2237 708 2268 omnium

321 2284 385 2317 Per
410 2287 443 2316 te
468 2284 543 2318 fiam
570 2286 809 2326 supplantator.

272 2362 361 2395 Caeli
387 2368 541 2396 enarrent
565 2364 702 2405 gloriam

269 2411 372 2444 Tuam
399 2418 432 2444 et
456 2412 693 2454 excellentiam,

317 2460 426 2502 Atque
460 2460 518 2495 fiat
542 2471 675 2504 magnus
702 2471 812 2505 sonus,

890 694 943 728 19.

885 1301 941 1333 20.

884 1923 941 1956 21.

975 231 1067 271 Quod
1093 230 1218 270 elegisti
1243 229 1381 262 Mariam

972 280 1027 311 Ad
1054 279 1243 311 currendam
1260 282 1404 312 nostram
1424 278 1509 309 viam

1021 328 1196 367 Tamquam
1206 331 1351 359 terrenus
1362 325 1491 357 colonus
1500 337 1507 366 ;

972 375 1048 408 Fiat
1074 384 1199 416 quoque
1224 375 1330 407 laudis
1355 376 1460 412 tonus,

971 424 1062 463 Quod
1075 423 1115 456 ad
1124 426 1267 455 nostrum
1274 431 1422 464 magnum
1429 431 1508 454 onus

1021 472 1282 513 Supportandum
1298 481 1357 512 per
1370 471 1507 511 gratiam

974 519 1115 552 Effectus
1142 528 1175 551 es
1200 519 1289 560 gigas
1316 519 1417 552 bonus

971 568 1245 608 Fortissimusque
1269 571 1424 608 patronus

1021 616 1138 649 Mundi
1162 617 1279 648 tollens
1305 616 1477 648 miseriam.

970 693 1137 727 Exaudiat
1160 696 1194 724 te
1218 693 1375 725 Dominus

969 742 1070 774 Morti
1097 742 1205 773 datum
1231 741 1270 773 ob
1297 740 1422 773 facinus

1019 790 1120 823 Primi
1145 790 1247 829 patris
1277 793 1307 821 et
1333 798 1473 830 suorum,

969 838 1099 871 Exaudi
1122 838 1329 870 nihilominus

970 887 1024 919 Me
1047 890 1081 918 te
1106 889 1282 928 rogantem,
1310 885 1460 927 quatinus

1017 935 1205 967 Miserearis
1231 943 1392 973 meorum3

970 983 1042 1015 Non
1069 992 1219 1015 curruum
1244 991 1304 1015 nec
1330 990 1483 1023 equorum

970 1031 1009 1062 In
1036 1031 1161 1071 pompis
1187 1031 1240 1063 vel
1264 1031 1411 1069 aliorum,

1020 1078 1085 1111 Sed
1108 1078 1142 1110 in
1159 1081 1200 1121 te,
1229 1080 1282 1119 qui
1302 1087 1335 1110 es
1352 1078 1507 1110 terminus

969 1127 1123 1159 Miseriae
1151 1130 1183 1158 et
1207 1127 1354 1159 laborum

967 1174 1013 1207 Et
1037 1175 1164 1216 requies
1190 1175 1367 1218 beatorum,

1017 1223 1099 1264 Spes
1118 1226 1165 1254 est
1183 1224 1335 1263 ponenda
1347 1223 1504 1264 protinus.

969 1301 1116 1341 Domine,
1143 1301 1177 1332 in
1204 1301 1324 1333 virtute
1350 1310 1395 1342 es,

970 1350 1028 1389 Qui
1056 1349 1186 1390 regibus
1211 1350 1323 1382 mundi
1349 1357 1463 1390 praees

1017 1397 1109 1430 Solus
1136 1401 1249 1430 tenens
1274 1398 1456 1439 imperium,

970 1447 1028 1487 Qui
1053 1455 1116 1479 non
1145 1447 1265 1479 desinis
1291 1455 1352 1478 nec
1378 1446 1465 1488 dees,

969 1496 1141 1536 Promptus
1159 1504 1298 1536 semper,
1325 1498 1361 1528 ut
1378 1503 1505 1527 recrees

1015 1543 1224 1576 Deformatos
1250 1553 1310 1584 per
1336 1544 1463 1587 vitium3

966 1592 1017 1624 Tu
1041 1592 1143 1625 cordis
1176 1592 1373 1625 desiderium

967 1641 1050 1673 Mihi
1078 1641 1158 1674 dans
1184 1642 1412 1682 necessarium,

1015 1689 1193 1730 Elongatus
1218 1690 1281 1721 iam
1308 1698 1442 1730 remees,

968 1739 1015 1772 Ut
1039 1737 1175 1771 habeam
1203 1739 1378 1771 dominium

968 1786 1072 1827 Super
1099 1788 1204 1819 carnis
1229 1787 1407 1820 ludibrium

1015 1835 1134 1868 Factus
1166 1836 1327 1868 secundus
1354 1835 1502 1868 Phinees.

967 1924 1067 1965 Deus,
1094 1923 1183 1955 Deus
1209 1927 1242 1955 et
1260 1923 1408 1965 Domine,

967 1974 1065 2013 Quem
1092 1972 1204 2005 Iudaei
1229 1982 1289 2014 pro
1315 1971 1444 2004 homine

1016 2021 1117 2054 Dirae
1140 2022 1237 2053 morti
1262 2020 1479 2063 tradiderunt,

969 2070 1067 2103 Cuius
1094 2069 1192 2102 effuso
1219 2070 1375 2110 sanguine

967 2119 1108 2152 Vidente
1132 2122 1237 2150 matre
1262 2118 1388 2159 virgine

1015 2168 1134 2200 Manus
1161 2170 1193 2198 et
1218 2167 1318 2207 pedes
1337 2165 1506 2208 foderunt;

966 2217 1061 2257 Vide,
1089 2216 1175 2256 quod
1201 2215 1289 2247 istud
1316 2214 1464 2247 fecerunt

969 2265 1043 2297 Non
1067 2273 1127 2306 pro
1154 2265 1231 2306 illis,
1258 2265 1313 2305 qui
1338 2263 1479 2306 fuerunt,

1017 2313 1126 2346 Solum
1153 2313 1202 2345 vel
1229 2322 1285 2345 suo
1312 2313 1456 2355 crimine,

969 2363 1034 2396 Sed
1061 2366 1093 2395 et
1118 2371 1178 2402 pro
1204 2362 1281 2406 illis,
1307 2363 1359 2403 qui
1387 2365 1492 2405 erunt,

970 2412 1031 2451 Qui
1047 2411 1142 2444 modo
1160 2413 1235 2443 sunt
1253 2414 1286 2443 et
1303 2413 1335 2444 te
1349 2414 1507 2453 quaerunt

1021 2460 1102 2494 Cum
1130 2460 1245 2493 devoto
1271 2460 1466 2502 precamine.
