1655 2726
250 229 294 261 17

251 556 306 589 18.

249 883 304 915 19.

248 1209 303 1242 20.

246 1536 302 1568 21.

250 2201 306 2233 23.

769 129 1004 164 *66*

336 227 456 270 Gaude,
481 228 581 268 virgo,
601 237 693 269 quam
712 228 861 271 sacravit,

332 277 392 316 Qui
417 276 584 309 Hebraeos
611 275 762 308 liberavit

381 323 432 356 De
456 324 575 365 populo
601 323 751 364 barbaro,

333 372 392 411 Qui
417 374 601 404 sanctorum
622 372 705 413 regit
730 372 822 415 vitas,

333 421 392 461 Qui
418 429 511 453 veros
535 420 701 452 Israelitas

377 468 486 509 Eripit
514 468 554 500 de
578 471 711 501 tartaro.

334 555 457 597 Gaude,
484 555 585 595 virgo,
612 564 706 596 quam
732 555 846 587 dilexit

331 603 471 636 Tantum
495 603 583 635 Deus
613 607 644 635 et
671 603 798 645 direxit,

379 650 423 683 Ut
448 651 596 683 affectum
620 654 729 684 mutuo

331 699 435 731 Tuum
460 700 544 731 velle
568 700 654 738 apud
680 700 785 739 ipsum

332 747 455 779 Stabile
480 748 523 779 sit
548 750 644 787 atque
666 746 763 779 fixum

378 795 515 836 Fiatque
542 796 700 827 continuo.

332 881 455 922 Gaude,
481 882 523 914 ad
549 880 730 921 profectum
753 883 832 920 tuta,

330 929 437 969 Digna
461 938 588 969 semper
613 930 765 962 obsecuta

381 976 448 1010 Deo
474 977 536 1010 Dei
560 976 637 1018 filio,

330 1025 398 1057 Tuo
425 1034 519 1058 seria
542 1026 719 1057 intercessu

330 1075 360 1105 A
385 1074 479 1106 noxio
506 1082 562 1105 nos
591 1081 722 1105 excessu

375 1121 419 1153 Et
445 1122 531 1154 omni
555 1122 731 1154 mendacio.

332 1207 453 1246 Gaude,
480 1217 573 1248 quam
599 1216 748 1248 praeesse
765 1208 861 1240 caelis

331 1255 481 1288 Gaudent
506 1256 586 1287 caeli
613 1259 644 1288 et
667 1255 773 1288 fidelis

378 1304 496 1344 Populi
521 1304 686 1347 sedulitas,

327 1351 422 1384 Hunc
455 1352 604 1393 implora,
629 1355 665 1383 ut
687 1361 746 1384 uos
772 1355 863 1384 sanet

328 1402 357 1432 A
384 1400 544 1438 pressuris
570 1400 661 1432 huius
688 1399 784 1431 maris

378 1447 414 1479 ln
441 1451 605 1479 aeternum
630 1448 770 1480 meritas.

330 1534 452 1577 Gaude,
483 1534 578 1566 decus
605 1537 698 1575 atque
727 1534 822 1567 decor

329 1582 449 1614 Domus
475 1582 588 1623 Israel,
614 1586 644 1614 te
669 1591 794 1622 precor,

375 1630 420 1664 Ut
446 1639 546 1662 meam
575 1631 733 1662 exhilares

327 1678 471 1711 Mentem
497 1677 604 1710 fructu
628 1679 698 1719 spei
722 1679 825 1711 bonae

329 1726 374 1758 Et
398 1726 432 1758 in
461 1730 572 1758 sancta
597 1727 727 1767 regione

376 1774 496 1807 Locum
522 1774 600 1806 mihi
626 1784 810 1815 praepares,

294 1888 300 1894 .
329 1861 451 1904 Gaude,
475 1861 564 1901 virgo
590 1865 702 1894 sancta
727 1871 812 1906 vere,

329 1909 464 1951 Semper
489 1912 521 1940 te
549 1910 640 1942 decet
665 1911 814 1953 gaudere,

377 1957 566 1990 Sanctarum
592 1959 801 2004 sanctissima,

328 2006 414 2045 Quae
440 2009 473 2037 te
498 2005 560 2038 Dei
584 2010 717 2038 matrem
743 2009 860 2049 noscis,

328 2054 387 2093 Qui
406 2055 462 2087 dat
478 2054 549 2095 tibi,
569 2055 723 2095 quidquid
742 2056 860 2100 poscis,

373 2102 481 2135 Mater
507 2102 701 2135 beatissima.

335 2196 473 2243 [Gaude,
501 2199 588 2230 cuius
614 2200 765 2242 actiones,

334 2247 498 2288 Cogitatus
526 2251 555 2278 et
582 2257 743 2280 sermones

380 2295 434 2328 Sic
458 2295 594 2328 munivit.
619 2297 747 2339 caritas,

328 2345 374 2379 Ut
402 2346 452 2377 vel
476 2345 510 2376 in
536 2344 586 2375 his
612 2345 807 2386 arguendum

326 2393 381 2425 Nil
410 2394 538 2426 videret
561 2394 759 2434 arguendum

374 2442 494 2475 Mundi
520 2439 711 2486 curiositas]

935 227 989 260 24.

935 555 990 588 25.

934 882 989 915 26.

935 1537 990 1570 28.

933 1865 991 1899 29.

934 2205 988 2237 30.

1020 225 1142 264 Gaude,
1154 225 1255 269 virgo,
1265 231 1357 265 quam
1367 222 1553 254 cunctorum

1017 274 1107 307 Sicut
1131 282 1236 306 arcem
1262 271 1447 304 meritorum

1064 322 1183 354 Merito
1211 319 1377 354 constituit

1018 371 1147 411 Rector,
1162 371 1290 410 quinon
1306 368 1396 399 deest
1406 372 1551 405 usquam,

1018 419 1076 460 Qui
1101 418 1226 450 meritis
1252 417 1334 449 bene
1357 416 1430 455 plus
1457 420 1552 454 quam

1063 466 1184 499 Merita
1209 463 1368 498 retribuit.

1019 554 1141 594 Gaude,
1172 552 1275 586 dulcis
1300 559 1397 591 super
1421 548 1518 581 mella

1018 603 1125 645 Virgo,
1158 601 1220 633 Dei
1246 600 1335 633 verbi
1362 599 1453 636 cella,

1065 651 1163 690 Quam
1189 650 1274 682 mala
1298 646 1465 687 temptatio

1016 699 1054 732 In
1078 698 1184 738 aliquo
1209 705 1366 736 nusquam
1391 694 1494 736 laesit,

1018 747 1113 780 Cuius
1138 746 1238 778 menti
1259 753 1322 777 non
1348 742 1497 776 adhaesit

1065 794 1156 826 Vana
1182 793 1342 835 cogitatio.

1018 881 1141 916 Gaude,
1168 880 1366 912 medicamen
1392 877 1490 919 orbis,

1018 929 1133 962 Cordis
1159 928 1259 961 nostri
1286 934 1402 967 quaeso
1432 924 1551 957 morbis

1064 977 1191 1009 Mederi
1218 985 1259 1008 ne
1285 974 1414 1007 differas

1016 1025 1061 1058 Et
1084 1025 1119 1056 in
1145 1024 1224 1066 legis
1251 1023 1377 1057 actione

1015 1074 1114 1106 lstam
1140 1072 1217 1104 mihi
1243 1073 1345 1112 leg-em
1371 1079 1465 1111 pone,

1065 1121 1111 1154 Ut
1133 1129 1185 1153 me
1209 1128 1371 1160 nunquam
1398 1119 1540 1151 deseras.

1018 1208 1141 1250 Gaude,
1161 1216 1219 1247 per
1237 1216 1330 1248 quam
1349 1207 1435 1239 vitae
1453 1206 1553 1237 limen

1016 1257 1203 1297 Reseratur‚
1237 1256 1322 1296 quod
1347 1263 1406 1294 per
1432 1254 1553 1286 crimen

1064 1304 1154 1336 Evae
1181 1305 1323 1336 clausum
1348 1301 1466 1344 fuerat,

1017 1354 1081 1385 Per
1106 1354 1138 1384 te
1164 1351 1329 1384 beatorum
1356 1351 1472 1383 turbae

1017 1401 1146 1433 Summa
1171 1399 1257 1432 Deus
1283 1409 1340 1431 nos
1364 1400 1398 1431 in
1424 1399 1515 1441 urbe,

1064 1449 1264 1490 Miseratrix,
1290 1448 1423 1481 inserat.

1019 1535 1143 1576 Gaude,
1170 1535 1272 1576 virgo,
1299 1544 1381 1575 quae
1405 1536 1546 1576 portasti

1019 1585 1133 1616 Verum
1159 1582 1264 1616 Deum
1289 1584 1376 1616 intra
1402 1584 1483 1616 casti

1062 1631 1154 1664 Uteri
1178 1632 1362 1675 muninima‚

1015 1680 1125 1713 Nostri
1152 1689 1273 1712 memor
1298 1689 1356 1713 nos
1383 1681 1523 1721 custodi,

1014 1729 1136 1761 Nostra
1162 1729 1300 1761 omnium
1328 1730 1457 1762 custodi

1062 1777 1279 1810 Praesentans
1304 1778 1504 1818 precamina.

1019 1864 1143 1904 Gaude,
1172 1866 1273 1908 virgo,
1300 1864 1370 1897 Deo
1398 1866 1512 1907 dulcis,

1016 1914 1103 1953 Quae
1127 1922 1185 1945 nos
1211 1917 1267 1945 tua
1291 1922 1390 1954 prece
1415 1914 1520 1959 fulcis,

1065 1960 1167 2002 Virgo
1189 1962 1455 2005 prudentissima,

1016 2011 1115 2052 Virgo
1141 2019 1273 2043 manens
1300 2020 1416 2051 expers
1438 2021 1553 2054 noxae,

1015 2058 1165 2091 Nationis
1190 2059 1390 2093 orthodoxae

1064 2108 1174 2140 Portio
1200 2109 1384 2148 purissima.

1018 2204 1141 2243 Gaude,
1169 2205 1280 2237 mundi
1307 2206 1480 2248 medicina,

1016 2253 1124 2285 Verax
1149 2262 1274 2286 morum
1302 2254 1485 2297 disciplina,

1062 2302 1224 2334 Bonitatis
1250 2302 1432 2346 speculum,

1016 2350 1077 2392 Da,
1104 2359 1145 2381 ne
1171 2360 1256 2382 noxa.
1280 2359 1331 2382 me
1358 2352 1535 2395 denigrem‚

1017 2398 1081 2431 Sed
1106 2399 1256 2432 immunis
1282 2399 1358 2431 hinc
1386 2402 1538 2442 emigrem

1063 2447 1117 2479 Ad
1143 2455 1285 2486 perenne
1311 2449 1485 2483 saeculum.
