1655 2726
203 297 356 340 11.Ave‚
382 309 480 333 unum
506 302 642 344 elegisti,

280 346 366 379 Huic
393 358 510 382 vacans
536 350 750 391 praetendisti

327 396 554 438 Contemptum
580 399 765 439 caducibus,

276 444 385 478 Corda
408 448 522 478 nostra
545 445 744 479 inflammare

275 491 322 525 Et
344 493 378 525 in
405 494 488 527 bono
515 493 699 527 confortare

322 541 400 574 Tuis
428 543 513 575 dona
537 544 701 584 precibus.

206 607 260 643 12.
274 608 356 650 Ave,
384 607 486 642 fratre
513 611 587 643 dum
613 610 765 651 turbaris,

273 657 304 688 A
332 657 450 690 dilecto
474 658 619 691 visitaris

323 706 454 738 Amoris
481 714 520 738 ex
544 714 686 749 munere,

280 754 334 786 Ad
359 754 461 793 pedes
485 764 560 787 mox
584 754 790 797 procidebas,

274 801 341 834 Hic
365 806 522 843 movetur,
549 803 677 843 quando
702 801 803 835 flebas

322 850 439 883 Lazari
464 860 525 890 pro
549 849 672 884 funere.

208 917 262 950 13.
278 919 359 960 Ave,
385 917 535 951 lacrimas
561 916 727 958 fundebat,

277 965 338 1004 Qui
363 968 396 997 te
420 967 556 998 multum
584 966 749 1009 diligebat,

323 1014 487 1047 Turbatur
511 1015 545 1047 in
570 1015 696 1058 spiritu,

275 1061 425 1094 Fratrem
451 1063 571 1094 tumulo
598 1063 727 1095 vocavit

273 1109 321 1141 Et
345 1110 453 1151 palam
479 1109 669 1143 laetificavit

325 1158 459 1191 Gratiae
483 1158 612 1191 intuitu.

200 1225 256 1258 14.
272 1225 355 1269 Ave,
379 1228 527 1268 tempore
551 1227 731 1267 palmarum

271 1274 375 1307 Exsul
402 1274 490 1307 venit
514 1284 572 1307 rex
597 1274 764 1307 turbarum

321 1322 376 1356 Ad
399 1326 491 1356 tuum
514 1323 703 1364 hospitium,

272 1370 445 1413 Refugium
471 1373 546 1405 tuae
570 1372 639 1412 spei

271 1419 449 1461 Loquendo
477 1420 517 1452 de
542 1429 640 1461 regno
666 1419 729 1452 Dei

321 1467 395 1501 Tibi
423 1469 481 1501 dat
503 1469 668 1503 solacium.

202 1537 258 1571 15.
274 1536 354 1576 Ave,
384 1544 494 1569 cenam
520 1537 736 1578 praeparasti,

274 1584 312 1617 In
339 1593 449 1617 amore
474 1587 551 1617 tunc
578 1583 734 1626 flagrasti,

319 1633 454 1666 Martha
477 1633 579 1667 servit
605 1634 740 1676 dulcius,

273 1682 480 1723 Unguentum
506 1682 560 1723 pie
585 1680 700 1715 fudisti

271 1729 377 1771 Super
402 1732 501 1771 caput
523 1731 599 1764 Iesu
626 1730 745 1764 Christi

318 1779 518 1813 Honorando
543 1780 676 1821 largius.

201 1915 257 1949 21.
273 1915 355 1958 Ave,
382 1924 466 1956 quae
489 1918 568 1948 tunc
593 1916 705 1948 aculeo

273 1963 477 1997 Cruciabaris
502 1965 615 1997 intimo

324 2013 444 2046 Dilecti
468 2013 664 2058 gravamine,

273 2061 371 2094 Flere
395 2062 454 2094 tibi
480 2061 658 2104 prohibuit,

275 2110 338 2150 Qui
362 2114 394 2143 te
419 2120 583 2151 nunquam
610 2111 756 2144 deseruit

319 2160 459 2193 Paterno
485 2160 673 2194 salvamine.

200 2230 256 2262 22.
270 2227 354 2270 Ave,
383 2229 470 2260 cruci
496 2228 640 2269 astitisti,

274 2274 470 2309 Crucifixum
496 2277 652 2318 aspexisti

321 2325 452 2359 Patiens
477 2325 674 2370 mentaliter,

269 2374 431 2409 Sauciaris
458 2374 664 2416 clamoribus,

272 2422 459 2457 Cruentaris
483 2423 670 2457 vulneribus

320 2472 476 2507 Confessa
502 2473 660 2507 totaliter.

834 146 904 182 269
954 167 1002 171 —

843 244 886 277 II.

898 302 954 336 16.
968 302 1048 344 Ave,
1076 310 1156 342 opus
1181 301 1243 335 hoc
1266 300 1413 333 laudavit

971 350 1239 390 Narrandumque
1264 347 1468 389 praedicavit

1019 400 1056 431 In
1083 399 1131 430 tui
1155 397 1351 437 memoriam,

967 446 1071 478 Facta
1095 448 1151 478 tua
1174 454 1296 478 summe
1321 447 1424 488 grata.⁷

971 493 1073 527 Nobis
1098 493 1224 526 miseris
1249 494 1388 534 placata,

1015 541 1081 575 Fer
1107 542 1212 574 carnis
1237 541 1418 575 victoriam.

900 610 953 643 17.
969 610 1050 652 Ave,
1079 608 1240 642 Christum
1268 608 1473 649 captivatum,

968 657 1073 689 Nocte
1100 657 1209 690 durius
1233 656 1367 698 ligatum

1016 705 1149 738 Audisti
1175 705 1360 745 crudeliter,

968 754 1045 793 ipso
1069 753 1191 793 probra
1213 753 1352 794 patienti

970 801 1090 834 Dolore
1113 801 1219 834 cordis
1244 801 1367 842 ingenti

1016 849 1173 882 Turbaris
1197 849 1350 882 fideliter.

898 918 952 952 18.
968 918 1047 959 Ave,
1074 926 1168 950 mane
1192 919 1431 957 praesentatum

968 966 1072 998 Pilato
1097 969 1128 997 et
1151 965 1328 998 iudicatum

1015 1013 1069 1046 Ad
1096 1014 1268 1046 clamorem
1294 1013 1404 1053 populi

967 1061 1109 1094 Dolebas
1134 1062 1218 1093 male
1242 1062 1387 1103 tractari,

965 1110 1020 1142 Ad
1047 1110 1226 1142 columnam
1248 1107 1417 1151 flagellari,

1015 1158 1076 1191 Tui
1100 1156 1222 1190 flebant
1247 1158 1341 1191 oculi.

898 1227 951 1259 19.
966 1225 1049 1267 Ave,
1075 1225 1177 1266 spinis
1202 1228 1398 1269 coronatum,

966 1274 1099 1306 Vultum
1122 1274 1226 1315 sputis
1252 1273 1445 1306 maculatum

1015 1322 1059 1355 Et
1084 1322 1216 1363 plenum
1240 1321 1396 1354 livoribus

965 1371 1015 1403 Tu
1039 1369 1196 1411 planxisti
1220 1372 1327 1402 mente
1350 1369 1417 1412 pia,

966 1419 1031 1452 Ora
1056 1418 1189 1459 Christi,
1215 1428 1233 1451 o
1259 1417 1378 1462 Maria,

1016 1467 1141 1500 Salvari
1167 1467 1365 1500 vulneribus

894 1536 950 1569 20.
967 1536 1048 1574 Ave,
1076 1543 1203 1567 crucem
1226 1534 1385 1567 baiulanti

966 1583 1135 1616 Postcedis
1159 1581 1226 1616 fide
1252 1584 1410 1615 constanti

1019 1631 1073 1664 Ad
1095 1632 1202 1664 iocum
1229 1631 1409 1674 Calvariae,

969 1680 1121 1721 Sequeris
1146 1680 1279 1713 nimium
1304 1681 1435 1713 tristata

970 1728 1049 1761 Cum
1074 1728 1207 1770 Virgine
1234 1729 1380 1762 desolata

1018 1777 1188 1817 Particeps
1212 1777 1359 1810 iniuriae.

900 1915 958 1948 23.
973 1913 1056 1957 Ave,
1080 1913 1165 1946 mori
1190 1913 1352 1958 cupiebas,

971 1962 1113 1994 Matrem
1137 1961 1263 1994 tristem
1289 1971 1360 1995 cum
1379 1962 1517 1996 videbas

1018 2009 1170 2052 Crucifigi
1194 2010 1314 2052 gladio,

970 2058 1173 2092 Transfixam
1198 2059 1293 2091 nimis
1319 2068 1428 2092 amare

968 2108 1017 2141 Te
1040 2108 1090 2140 vis
1114 2110 1216 2140 totam
1242 2107 1445 2141 conformare

1018 2157 1144 2197 Virgini
1170 2165 1241 2189 cum
1266 2155 1345 2192 filio,

899 2228 955 2260 24.
970 2226 1052 2268 Ave,
1078 2228 1183 2258 mater
1207 2225 1358 2267 gloriosa,

969 2274 1078 2307 Morte
1103 2274 1224 2308 Christi
1247 2275 1393 2315 pretiosa

1017 2323 1173 2357 Probaris
1199 2323 1388 2365 certissime,

972 2371 1125 2406 Crucifixi
1149 2375 1309 2406 amatores

970 2419 1040 2455 Fac
1064 2431 1123 2454 nos
1149 2430 1220 2454 esse
1245 2424 1278 2454 et
1302 2422 1441 2455 cultores

1016 2471 1134 2504 Mortis
1160 2470 1410 2506 sacratissimae.
