1655 2726
453 638 491 670 X.
522 638 729 679 soliloquium
749 639 818 670 sive
839 637 1028 670 Psalterium
1049 637 1137 670 BMV.

684 730 907 771 Prologus.

170 835 177 842 .
206 809 372 851 Quoniam,
402 809 491 849 virgo
518 808 635 850 Maria,
841 810 872 841 5.
901 808 1053 841 Servatus
1078 817 1190 840 servus
1217 808 1342 850 existat,

205 857 341 897 Semper
365 857 531 889 laudanda
559 857 711 899 crederis,
901 856 971 896 Qui,
997 857 1114 897 Maria,
1143 859 1176 888 te
1202 856 1332 896 cogitat,

205 906 359 945 Quoniam
385 908 418 936 tu
445 914 563 945 parens
590 905 645 945 pia
898 905 1044 937 Fortiter
1070 905 1159 937 carni
1184 904 1323 945 resistat,

203 953 372 986 Misereris
398 962 472 986 mox
498 953 633 994 miseris,
900 953 1049 993 Quisquis
1074 953 1203 985 laudem
1229 952 1312 984 hanc
1330 951 1455 985 recitat.

167 1066 174 1073 .
203 1041 278 1073 Eris
303 1049 432 1080 semper
457 1041 522 1072 oris
549 1042 610 1072 mei
840 1042 873 1075 6,
899 1040 1027 1073 Recitat
1052 1042 1163 1072 sancta
1189 1040 1361 1079 scriptura,

204 1088 289 1121 Laus
314 1089 421 1129 unica,
448 1088 545 1121 laude
572 1089 680 1130 digna,
899 1089 999 1120 Plena
1024 1088 1086 1120 tuis
1112 1089 1177 1120 iam
1201 1087 1366 1129 laudibus,

204 1138 248 1170 Et
270 1140 314 1181 tu,
343 1140 448 1170 mater
474 1137 548 1169 Iesu
574 1137 646 1178 Dei,
897 1136 988 1177 Quod
1016 1146 1048 1169 es
1075 1145 1180 1174 orans,
1207 1138 1339 1168 oratura

204 1186 348 1219 Laudem
375 1186 472 1218 istam
498 1194 599 1227 sume,
625 1185 727 1226 signa.
900 1185 958 1217 Pie
983 1194 1043 1225 pro
1068 1184 1305 1224 peccatoribus.

171 1299 178 1306 .
204 1272 304 1314 Signa
330 1282 400 1305 eam
425 1272 593 1313 signaculo
840 1275 873 1307 7.
900 1272 1130 1306 Peccatoribus
1155 1272 1313 1313 respectis

203 1321 292 1354 Tuae
317 1321 562 1361 benedictioniS‚
896 1322 927 1353 A
952 1324 985 1352 te
1010 1321 1098 1353 Deus
1124 1319 1162 1353 fit
1186 1320 1344 1360 placatus,

205 1370 299 1402 Omni
325 1372 357 1401 te
381 1369 494 1403 laudet
518 1370 657 1413 saeculo,
898 1369 1064 1402 Laudibus
1089 1369 1201 1401 mundi
1225 1369 1386 1410 despectis

204 1418 291 1451 Laus
316 1417 372 1450 fiat
401 1418 590 1451 devotionis.
898 1418 945 1450 Te
970 1418 1106 1450 laudans
1132 1426 1209 1449 vere
1234 1417 1357 1450 beatus.

172 1532 178 1539 .
206 1505 396 1539 Devotionis
421 1505 496 1538 huic
518 1506 607 1538 laudi
838 1508 871 1541 8.
898 1506 1018 1539 Beatus
1045 1514 1120 1546 ergo
1147 1506 1243 1537 etiam

204 1554 372 1586 Assistens
399 1557 440 1586 Slt
466 1554 555 1586 Iesus
582 1557 703 1596 gratus,
900 1554 973 1587 sitii
999 1555 1046 1586 sic
1071 1558 1186 1594 optans
1212 1562 1272 1596 per
1301 1557 1343 1593 te,

205 1602 300 1636 Omni
325 1605 421 1643 queat
445 1602 530 1634 hosti
557 1603 665 1636 claudi
898 1604 945 1636 Te
970 1612 1029 1643 per
1053 1605 1143 1635 tuam
1168 1603 1333 1635 licentiam

205 1651 340 1692 Angelis
365 1651 486 1683 sanctis
512 1654 668 1684 servatus.
898 1651 1055 1685 Laudabo
1083 1652 1165 1684 clam
1190 1655 1221 1683 et
1247 1653 1376 1691 aperte:

493 1742 523 1774 9.
551 1740 677 1780 Aperte
701 1740 865 1772 mirabilia

552 1788 623 1821 Tua
645 1798 783 1822 narrans
808 1789 859 1821 his
885 1789 1005 1821 letatus

552 1836 705 1878 Clamque
730 1837 835 1871 laudis
863 1837 998 1880 eloquia,

553 1886 693 1926 Quorum
720 1886 824 1920 lector
848 1887 892 1919 sit
916 1886 1039 1919 beatus

169 2098 176 2105 .
204 2071 324 2104 Beatus
350 2070 411 2112 vir,
439 2071 492 2112 qui
518 2070 658 2105 discedit
842 2073 873 2105 3.
900 2070 989 2112 Lege
1015 2070 1144 2111 quidem
1171 2070 1317 2110 salutaris

201 2120 233 2154 A
259 2119 400 2153 feminae
424 2120 529 2153 malae
554 2120 618 2161 via,
899 2119 988 2160 Lege
1013 2119 1097 2157 Iesu,
1122 2119 1196 2159 lege
1219 2119 1339 2159 legum,

202 2168 336 2203 Beatior
362 2178 431 2201 cum
457 2168 585 2202 accedit
900 2168 970 2200 Hos
996 2166 1096 2200 facies
1120 2167 1282 2208 meditari,

200 2218 255 2252 Ad
282 2221 324 2259 te,
350 2218 447 2251 beata
469 2218 587 2252 Maria.
902 2217 1012 2260 Virgo,
1039 2219 1144 2248 mater
1166 2215 1252 2257 regis
1277 2225 1401 2256 regum.

166 2334 171 2339 .
199 2305 319 2349 Maria,
349 2306 437 2347 virgo
464 2306 635 2348 virginum,
842 2307 873 2339 4.
899 2304 1023 2346 Regum
1051 2312 1118 2347 rex,
1148 2303 1236 2336 cuius
1262 2302 1348 2336 filius

199 2354 231 2388 A
259 2355 390 2388 caelesti
415 2356 518 2388 missa
543 2364 628 2397 rege,
899 2353 962 2386 Est
986 2352 1150 2385 hominum
1177 2361 1236 2393 per
1262 2355 1294 2384 te
1320 2353 1401 2398 pius,

201 2403 297 2437 Felix
326 2409 501 2437 conventus
526 2405 700 2444 hominum,
900 2402 1020 2435 Beatus
1046 2402 1140 2434 homo
1167 2401 1294 2434 sobrius

201 2453 260 2493 Qui
286 2452 320 2485 iu
346 2456 401 2486 tua
427 2453 561 2487 student
586 2454 667 2495 lego.
899 2451 937 2484 In
963 2452 1034 2492 lege
1060 2451 1194 2484 studens
1219 2450 1319 2486 illius

181 2515 203 2538 D
210 2521 241 2537 ru
249 2521 264 2537 v
270 2521 282 2537 e
290 2519 301 2537 s
309 2531 314 2541 ‚
333 2512 457 2537 Psalteria
474 2513 632 2542 Ithytluuica.
666 2513 700 2536 ΙΙ.
1269 2507 1286 2539 9
