1655 2726
678 113 939 149 —169—

745 211 880 246 LXXV.

149 275 229 308 723.
244 274 349 307 Notus
374 284 487 315 parum
514 276 547 309 in
572 277 694 310 Iudaea
843 279 922 313 727.
937 278 1093 311 Tenebris
1119 288 1195 311 vero
1224 278 1386 311 clauditur

240 323 330 356 Deus
356 332 397 355 ex
420 328 465 365 te,
490 324 593 367 virgo,
619 329 714 359 natus
936 327 1015 361 Cum
1041 328 1135 360 hoste
1158 336 1291 360 manens
1309 327 1475 367 mendace,

243 372 281 405 In
308 372 453 412 qualibet
475 373 539 405 iam
564 375 674 414 platea
937 375 997 414 Qui
1021 376 1160 408 Maria-m
1185 384 1248 408 non
1274 376 1429 416 sequitur.

240 420 346 452 Israel
372 424 422 453 est
448 422 698 457 commendatus.
937 424 1033 457 Cuius
1058 424 1148 456 loeus
1168 422 1203 456 fit
1228 424 1261 455 in
1286 421 1392 465 pace?

144 488 225 522 724,
242 487 504 533 Commendatus,
530 489 671 531 inquam,
690 491 780 523 Iesus
841 491 974 525 728.1n
998 500 1078 532 pace
1103 490 1140 523 fit
1164 491 1252 523 loeus
1279 491 1320 531 ei,

241 536 382 569 Multum
406 538 493 570 inter
520 538 721 582 christianOS,
935 540 995 579 Qui
1020 540 1165 580 sequitur
1189 543 1231 581 te,
1258 538 1376 581 Maria,

241 584 359 618 Vitalis
384 589 435 618 est
458 586 526 619 illis
552 595 634 630 esus,
934 587 1042 620 Horas
1067 587 1171 620 noetis
1198 590 1230 619 et
1253 587 1318 620 diei

239 633 300 674 Qui
325 634 435 666 oculos
460 634 582 667 habent
607 644 713 669 sanos.
935 636 1072 669 Securus
1098 636 1213 668 transit
1238 635 1273 668 in
1298 636 1361 668 via.

143 701 222 733 725.
239 700 340 733 Sanos
365 704 472 733 autem
498 710 576 735 sano
604 703 702 735 corde
841 704 920 737 729.
937 703 1085 737 Viatores
1112 703 1196 735 enim
1223 705 1354 735 cunctos

236 749 355 782 Oculos
380 749 512 792 habent,
538 750 656 790 Maria,
933 751 1033 784 Ducis
1058 752 1101 783 ad
1128 751 1256 783 domum
1280 750 1423 794 Domini,

236 797 369 837 Quinon
384 798 535 839 squalent
544 800 659 839 culpae
672 799 778 841 sorde,
935 799 1056 840 Mente,
1084 800 1202 842 Maria,
1230 799 1415 832 coniunctos

235 846 338 879 Uncti
362 844 429 878 fide
454 847 528 880 lesu
554 847 621 887 pia.
937 847 1072 881 Gratiae
1097 856 1173 880 suae
1198 847 1322 882 lumini.

141 914 220 946 726.
236 912 296 946 Pia
320 912 387 946 fide
412 914 483 954 hae,
509 914 629 953 Maria,
840 916 919 949 730.
934 915 1124 947 Luminibus
1149 924 1200 947 me
1226 916 1380 948 virtutum

236 960 371 994 Illustra
394 971 456 1003 me,
484 962 541 994 lux
567 962 714 1000 celebris,
935 963 1110 996 Privarunt
1135 972 1233 1004 saepe
1258 963 1348 1004 vitia,

236 1009 320 1040 Nam
347 1009 400 1041 cui
425 1011 514 1042 luces
537 1010 572 1041 in
594 1011 656 1042 hae
680 1010 744 1052 via,
934 1011 999 1044 Sed
1017 1011 1061 1044 sis
1078 1020 1213 1052 meeum,
1232 1012 1340 1043 lumen
1355 1014 1471 1055 tutum,

237 1056 310 1088 Non
334 1057 477 1089 ambulat
502 1058 536 1090 in
562 1058 715 1092 tenebris.
934 1059 1051 1100 Maria,
1078 1059 1160 1091 lueis
1186 1059 1300 1100 gloria.

487 1135 567 1169 731.
584 1135 698 1168 Gloria
722 1135 794 1176 tibi,
821 1136 939 1177 Maria,

583 1183 725 1216 Materia
748 1192 885 1225 magnae
908 1184 1027 1224 laudiS,

580 1233 668 1273 Quae
693 1232 835 1265 libenter
861 1242 939 1265 aure
963 1232 1019 1272 pia

581 1280 635 1313 Ad
663 1283 695 1313 te
722 1281 897 1313 clamantes
924 1281 1069 1315 exaudis,

730 1368 882 1401 LXXVI.

136 1435 217 1468 732.
233 1436 321 1467 Voce
347 1443 420 1467 mea
444 1435 487 1467 ad
512 1438 546 1467 te
572 1436 686 1476 clamo,
837 1437 916 1469 737.
934 1437 1046 1468 Arena
1069 1436 1168 1469 maris
1194 1436 1335 1477 plurima

231 1483 453 1523 Expulsorum
480 1484 668 1524 recreatrix,
930 1484 1096 1525 Nusquam
1121 1487 1231 1526 potest
1255 1486 1431 1527 numerari,

233 1532 316 1572 Quia
339 1532 471 1564 laudem
495 1537 584 1564 tuam
608 1542 688 1577 amo,
931 1533 986 1565 Sic
1007 1536 1140 1566 nectua
1166 1533 1352 1566 dulcissima

233 1580 315 1612 Esto
341 1580 420 1613 mihi
446 1579 665 1614 reformatrix,
932 1581 1047 1614 Gratia
1072 1582 1142 1622 quit
1167 1582 1341 1615 aestimari.

136 1649 217 1682 733.
232 1646 455 1681 Reformatrix
482 1647 684 1689 deformium,
836 1648 1037 1683 738.Maria
1062 1649 1192 1689 quidem
1219 1649 1347 1692 diceris,

233 1696 307 1730 Non
331 1706 384 1729 me
408 1698 496 1729 sinas
523 1696 700 1730 deformari
930 1700 1052 1731 Amara
1076 1697 1213 1730 multum
1238 1698 1395 1741 hostibus,

235 1746 300 1779 Per
324 1745 501 1787 voluptatis
528 1746 641 1780 vitium
929 1747 1046 1788 Maria,
1073 1755 1163 1779 mare
1186 1746 1313 1779 miseris

230 1794 302 1827 Nec
326 1795 460 1827 nimium
486 1795 648 1827 tribulari.
927 1795 1108 1828 Abundans
1133 1794 1226 1827 bonis
1252 1795 1411 1829 omnibus.

134 1862 395 1896 734.Tribu1ari
421 1871 472 1895 me
498 1866 640 1895 sentiens
833 1864 912 1899 739.
927 1864 1082 1897 Omnibus
1105 1864 1212 1904 plane,
1240 1863 1357 1905 Maria,

228 1911 407 1951 Exquiram
433 1915 466 1944 te
492 1912 654 1952 continuo,
928 1912 1061 1945 Gratiae
1086 1912 1188 1944 sinum
1215 1913 1333 1955 aperis,

227 1960 298 2001 Qua
322 1969 377 1993 cor
402 1964 434 1992 et
459 1969 494 1993 os
519 1961 748 2002 praemuniens
926 1962 1068 2002 Aegrum
1095 1970 1190 1993 sanas
1215 1969 1311 1993 manu
1335 1962 1391 2002 pia

225 2009 281 2041 Ad
307 2008 388 2042 haec
411 2010 481 2050 pati
505 2019 569 2043 non
595 2019 704 2044 renuo.
926 2011 1034 2051 Atque
1059 2010 1167 2050 reples
1193 2019 1248 2042 cor
1272 2011 1436 2052 pauperiS.

134 2079 214 2112 735.
231 2077 305 2110 Non
331 2086 430 2110 renuo
456 2086 517 2111 nec
541 2087 673 2111 renuam
833 2080 910 2113 740.
926 2078 1019 2112 Peris
1044 2078 1159 2120 procul
1183 2078 1340 2119 pecuniae

225 2126 292 2158 Hie
315 2135 376 2166 pro
403 2126 507 2168 culpis
530 2128 691 2168 venerari,
926 2127 1072 2160 Abiectis
1098 2130 1230 2159 currunt
1258 2127 1376 2167 devoti,

225 2174 260 2207 Si
292 2183 344 2207 me
368 2184 429 2216 per
453 2177 486 2207 te
511 2184 600 2217 spem
627 2179 769 2209 mutuam
926 2176 973 2209 Ut
997 2176 1183 2208 thesaurum
1209 2174 1260 2208 his
1286 2176 1410 2217 gratiae

228 2223 304 2257 Non
330 2224 460 2257 desinas
485 2224 656 2259 consolari.
923 2225 1001 2269 Des⁷
1027 2224 1146 2268 Maria,
1177 2232 1238 2265 quo
1265 2225 1331 2257 sint
1354 2223 1425 2260 foti.

130 2293 210 2327 736,
226 2292 306 2325 Sola
329 2293 393 2325 rite
418 2293 582 2326 desolatos
830 2292 909 2327 741.
924 2292 1001 2326 Foti
1023 2302 1136 2325 sensus
1160 2292 1224 2324 bae
1248 2292 1355 2333 gratia

227 2340 394 2374 Consolari
418 2343 503 2375 soles
530 2342 617 2375 clare
923 2341 997 2375 Non
1022 2340 1176 2374 labuntur
1201 2341 1391 2387 mortaliter,

226 2391 289 2431 Ae,
315 2390 434 2433 Maria,
463 2391 670 2425 contristatos
925 2390 990 2424 Sed
1015 2390 1102 2423 iuter
1127 2390 1336 2423 adversantia

225 2440 325 2480 Quam
352 2439 527 2481 plurimum
554 2440 748 2473 confortare.
924 2439 1028 2482 Stant,
1055 2439 1172 2483 Maria,
1200 2439 1348 2474 viriliter.
