1655 2726
162 209 218 245 31.

164 510 220 573 32.

160 870 217 903 33.

161 1200 218 1233 34.

159 1531 217 1564 35.

156 1863 215 1896 36.

156 2205 214 2238 37.

695 112 936 148 ..77-

244 209 326 252 Ave,
355 209 396 242 de
421 219 484 252 qua
509 219 567 244 rex
592 212 753 245 caelorum

247 258 352 292 Natus
378 258 469 291 stetit
494 259 688 292 Iudaeorum

295 307 424 340 Docens
450 308 483 339 in
510 308 656 349 concilio,

246 355 461 389 Ambulantes
488 364 547 396 per
572 357 710 389 obscura

245 403 313 437 Nos
340 403 463 436 custodi
490 405 558 445 iugi
583 413 660 438 cura

295 452 363 485 Isto
389 453 423 484 in
449 453 576 486 exsilio.

247 541 328 583 Ave,
358 539 455 572 decus
483 540 652 580 castitatis,

246 587 297 620 Tu
322 587 467 620 solamen
495 588 636 631 deitatis,

294 636 369 668 Tibi
395 636 503 669 nullus
528 636 654 677 similis,

246 684 365 718 Hostes
391 687 519 717 nostros
545 693 657 724 preme
672 683 784 723 fortes,

248 733 341 765 Pacis
369 733 468 765 simus
494 737 531 765 ut
557 736 720 765 consortes

296 781 360 813 Per
384 784 427 824 te,
455 790 473 813 ο
498 780 657 815 amabilis.

245 871 324 910 Ave,
351 878 433 909 quae
461 868 500 900 de
524 868 731 900 lacrimarum

246 917 341 951 Valle
367 917 422 949 isti
446 917 490 949 ad
515 916 718 957 praeclarum

294 964 382 998 Caeli
407 964 637 1004 habitaculum,

243 1013 313 1047 Nos
338 1022 398 1054 per
423 1017 512 1045 tuam
537 1013 727 1046 servitutem

242 1062 316 1096 Duc
341 1062 514 1094 caelestem
538 1061 572 1093 in
598 1061 750 1094 virtutem

293 1110 406 1144 Carnis
432 1113 507 1151 post
531 1109 741 1142 obstaculum.

244 1199 326 1241 Ave,
353 1201 444 1231 terra
467 1197 651 1236 benedicta,

242 1248 312 1288 Qua
335 1246 481 1279 salvatur
506 1245 600 1287 plebs
626 1244 758 1278 adflicta

290 1295 466 1336 Longaque
493 1295 676 1336 captivitas,

242 1344 333 1378 Sicut
359 1353 419 1386 per
443 1346 476 1375 tc
502 1343 588 1376 salus
617 1342 724 1386 datur,

243 1393 298 1426 Sic
324 1395 357 1425 et
384 1392 477 1425 nobis
504 1392 695 1425 ostendatur

289 1440 413 1474 Divina
436 1440 631 1482 benignitas.

244 1529 326 1570 Ave,
352 1528 454 1573 virgo,
484 1528 572 1560 cuius
598 1527 667 1560 vita

241 1577 350 1611 Verbo
376 1576 439 1609 Dei
465 1576 626 1609 custodita

292 1625 370 1658 Fuit
395 1626 435 1658 ab
459 1625 562 1664 initio,

241 1675 359 1709 Deduc
383 1684 442 1707 nos
467 1674 501 1706 in
527 1678 583 1706 tua
609 1673 670 1714 via,

241 1724 292 1757 Ne
317 1723 497 1764 tradamur,
525 1732 542 1756 o
569 1722 687 1763 Maria,

288 1772 414 1806 Inferni
439 1771 612 1814 supplicio.

242 1862 326 1902 Ave,
352 1860 431 1894 Sion
456 1862 552 1900 porta
577 1859 676 1902 clara,

244 1909 340 1943 Cuius
367 1911 440 1941 ortu
462 1917 549 1941 mors
575 1917 686 1940 amara

289 1958 388 1991 Venit
409 1958 451 1990 ad
476 1957 654 2000 interitum,

242 2006 390 2041 Christus
416 2007 450 2039 in
477 2009 510 2038 te
535 2006 630 2039 homo
657 2008 751 2038 natus

242 2056 380 2089 Nostros
407 2056 513 2087 solvat
536 2057 572 2088 ut
597 2057 716 2095 reatus,

289 2104 394 2136 Tuum
418 2106 532 2144 poscat
555 2102 715 2138 meritum.

241 2203 323 2242 Ave,
351 2201 427 2242 fida,
456 2210 537 2241 quae
563 2200 711 2234 mansisti

241 2250 319 2284 Cum
349 2249 478 2291 dilecto,
509 2250 584 2282 dum
610 2248 723 2282 vidisti

288 2299 392 2333 Notos
419 2308 529 2332 omnes
557 2299 683 2341 cedere,

241 2348 302 2388 Qui
328 2357 489 2390 expansus
517 2350 567 2380 est
589 2348 623 2380 in
651 2354 756 2388 cruce,

240 2397 470 2437 Amplectatur
495 2400 528 2429 te
553 2406 610 2429 nos
640 2396 722 2429 duce

289 2445 368 2479 Cum
394 2446 512 2480 amoris
538 2444 681 2479 foedere.

859 213 913 246 38.

857 542 912 575 39.

856 871 912 903 40.

856 1199 912 1233 41.

856 1530 912 1562 42.

855 1862 913 1894 43.

856 2202 915 2235 44.

939 213 1022 254 Ave,
1048 211 1176 254 fulgens
1203 211 1322 245 Christi
1350 211 1479 252 throne,

941 260 1000 300 Qui
1025 260 1057 293 in
1084 264 1148 301 tua,
1175 261 1263 293 Deus
1288 260 1382 299 bone,

989 310 1092 342 Lucet
1115 312 1152 341 ut
1175 309 1224 342 sol
1251 308 1344 348 facie,

939 357 1109 391 Advocata
1134 361 1166 389 et
1190 356 1297 391 fidelis

939 405 1045 438 Testis
1071 405 1163 438 nobis
1189 407 1234 439 sis
1258 407 1294 439 in
1311 405 1421 448 caelis,

989 454 1047 486 Pia
1072 456 1176 487 mater
1201 455 1335 496 gratiae.

939 542 1019 584 Ave,
1049 549 1131 581 quae
1157 550 1242 574 nunc
1264 545 1295 573 et
1313 541 1346 573 in
1365 549 1477 574 aevum

940 588 1043 622 Nobis
1058 591 1169 621 contra
1181 590 1333 622 mundum
1346 597 1477 622 saevum

988 637 1090 670 Facta
1115 645 1147 668 es
1173 636 1342 679 refugium,

941 685 1057 719 Servos
1084 688 1154 718 tuos
1180 694 1267 727 rege,
1298 689 1410 726 mater,

940 733 990 766 Ne
1019 736 1094 775 post
1119 738 1255 766 mortem
1281 734 1383 767 hostis
1410 736 1481 766 ater

988 783 1111 815 Trahat
1136 782 1179 814 ad
1205 782 1414 823 supplicium.

939 870 1021 910 Ave,
1048 870 1148 913 virgo,
1178 870 1345 902 beatorum

941 917 1095 951 Custodia
1119 918 1318 959 angelorum,

988 966 1097 999 Fideli
1124 966 1272 999 custodia

938 1016 979 1048 In
995 1017 1038 1057 te,
1065 1015 1215 1057 clemens,
1236 1015 1278 1047 da
1293 1016 1474 1054 sperantes,

939 1062 984 1096 Ut
1008 1064 1133 1095 leonem
1159 1063 1383 1095 conculcantes

986 1111 1067 1143 Eius
1095 1112 1224 1143 vincant
1250 1110 1334 1143 odia.

939 1200 1021 1240 Ave,
1049 1207 1130 1239 quae
1156 1197 1285 1230 factura
1309 1197 1372 1230 Dei

938 1246 984 1280 Es
1011 1247 1182 1289 excellenS,
1209 1246 1242 1279 in
1269 1255 1332 1287 qua
1357 1245 1428 1287 spei

988 1295 1128 1328 Nostrae
1155 1295 1339 1336 delectatio,

938 1345 978 1377 In
1002 1345 1121 1377 virtute
1147 1343 1231 1376 sicut
1255 1343 1364 1383 palma

939 1394 1002 1426 Per
1027 1396 1060 1425 te
1084 1393 1205 1432 nostra,
1233 1395 1336 1424 mater
1361 1392 1456 1435 alma,

987 1438 1188 1474 Refiorescat
1211 1440 1311 1473 natio.

939 1530 1020 1570 Ave,
1046 1529 1141 1561 sedes
1165 1530 1373 1571 praeparata,

939 1578 978 1611 In
1004 1586 1067 1618 qua
1092 1576 1185 1609 sedet
1211 1584 1307 1609 carne
1332 1580 1409 1610 nata

985 1626 1049 1659 Dei
1074 1625 1244 1667 sapientia,

940 1675 964 1708 O
991 1674 1109 1715 Maria,
1136 1676 1250 1706 sancta
1274 1673 1344 1706 Deo

938 1723 1060 1756 Domus
1085 1721 1181 1766 facta,
1209 1731 1269 1763 per
1294 1726 1326 1754 te
1353 1731 1406 1754 reo

986 1771 1091 1804 Detur
1114 1771 1327 1812 indulgentia.

941 1861 1023 1901 Ave,
1051 1859 1141 1891 cuius
1167 1858 1237 1891 nati
1261 1858 1391 1898 sanguis

941 1909 1178 1942 Condemnatus
1205 1910 1277 1940 arte
1302 1907 1415 1948 anguis

987 1956 1077 1989 Vicit
1101 1959 1132 1989 et
1157 1956 1338 1994 saevitiam,

939 2006 1031 2046 Quod
1056 2014 1117 2048 per
1138 2004 1242 2046 legem
1269 2003 1405 2036 eruditis

938 2056 1002 2088 Per
1027 2057 1060 2086 te
1087 2054 1177 2094 virgo
1202 2052 1294 2086 nobis
1321 2052 1407 2084 mitis

987 2104 1104 2136 Veram
1133 2101 1188 2135 det
1211 2101 1380 2136 laetitiam.

941 2201 1024 2243 Ave,
1050 2200 1106 2241 pia
1130 2202 1234 2232 mater
1261 2198 1393 2242 Christi,

939 2250 1027 2291 Quae
1052 2248 1155 2289 ipsius
1181 2247 1382 2288 praevenisti

986 2296 1179 2331 Confitendo
1201 2295 1330 2337 faciem,

938 2347 985 2380 Te
1009 2346 1043 2379 in
1069 2345 1203 2386 psalmis
1230 2345 1452 2379 collaudantes

938 2396 1015 2429 Post
1040 2394 1188 2428 laborem
1214 2395 1413 2428 exsultantes

986 2443 1054 2477 Fac
1078 2444 1203 2476 intrare
1228 2444 1383 2485 requiem.
