1655 2726
770 154 813 158 —
868 134 1031 170 136—

244 232 324 264 105.
340 231 514 271 Explicare
538 231 719 263 mortalium
930 232 1008 266 109.
1024 232 1126 264 Natus
1152 232 1224 262 tuus
1249 237 1311 261 non
1339 226 1424 259 filius

336 279 409 311 Non
439 279 549 312 valent
573 287 681 311 omnes
706 288 868 312 sermones
1022 280 1141 321 Ioseph
1169 277 1293 310 exstitit
1317 275 1467 316 carnalis,

337 327 438 359 Datas
463 335 523 367 per
548 330 634 358 tuum
661 326 761 359 filium
1023 329 1139 361 Verum
1167 325 1282 366 Ioseph
1309 323 1464 356 nutricius

339 375 472 407 Sanctas
497 374 746 407 benedictiones.
1024 376 1069 409 Et
1093 380 1127 408 tu
1153 378 1256 406 mater
1282 371 1471 412 corporalis.

243 442 320 475 106.
336 441 582 475 Benedictiones
609 442 695 482 cepit
928 445 1007 478 110.
1024 443 1208 485 Corporalis
1235 441 1320 473 Deus
1345 440 1438 472 homo

334 490 503 522 Elisabeth
528 490 714 532 Zachariae,
1021 492 1202 531 Praesaepc
1226 489 1402 522 oblationes

337 538 457 578 Quibus
483 538 603 570 sterilis
630 539 776 579 concepit
1022 541 1144 581 Regum
1162 538 1299 578 sumpsit
1316 545 1426 569 carens
1447 536 1552 577 domo,

335 587 529 619 Praeconem
554 586 681 618 divinae
706 588 786 619 viae.
1019 588 1080 620 His
1108 589 1186 620 daus
1212 585 1459 618 benedictiones.

240 654 318 688 107.
334 654 414 686 Viae
440 653 500 691 via,
529 653 629 685 Deum
658 657 800 696 portanS,
928 655 1006 688 111.
1021 653 1267 687 Benedictiones
1292 653 1361 684 lata

331 701 435 742 Hauc,
462 701 578 741 Maria,
606 702 763 744 salutasti,
1020 702 1093 734 Tibi
1119 703 1189 734 laus
1215 704 1319 733 sumat
1343 700 1382 732 ab
1410 709 1457 738 eo,

334 749 507 782 Gravidam
518 758 698 790 praegnans
709 748 903 790 confortans,
1018 750 1088 782 Lex
1113 750 1173 783 Dei
1200 749 1412 789 immaculata,

333 797 457 837 Quanta
483 796 579 837 fores,
607 798 842 830 demonstrasti.
1021 798 1216 831 Convertens
1241 797 1363 829 animas
1388 796 1468 829 Deo.

237 865 316 897 108.
331 865 522 897 Monstrasti
548 864 607 896 Dei
634 863 744 908 filium,
925 865 1004 898 112.
1020 865 1088 897 Deo
1114 866 1244 906 placens
1269 865 1365 896 Anna
1388 867 1490 895 mater

331 913 430 952 Quem
456 912 572 951 spiritu
597 916 707 944 sancto
732 911 827 945 flatus
1018 913 1092 945 Tibi
1117 916 1241 954 gratum
1268 921 1318 944 me
1343 911 1449 956 faciat,

329 960 488 993 Iohannes
513 961 659 1000 pandens
685 961 835 1001 gaudium
1018 962 1095 994 Oret
1121 965 1152 993 et
1177 961 1318 993 Ioachim
1344 963 1446 1003 pater,

329 1008 488 1041 Adoravit
514 1009 655 1040 nondum
681 1012 785 1041 natus.
1019 1009 1064 1042 Ut
1087 1018 1139 1041 me
1164 1009 1271 1049 proles
1298 1009 1457 1042 exaudiat.

846 1095 938 1129 XIX.

237 1161 494 1194 113.Exaudiat
518 1170 568 1192 me
593 1161 749 1194 Dominus
922 1163 1000 1196 117.
1015 1163 1147 1195 Manum
1172 1171 1261 1195 suam
1286 1164 1314 1195 is
1339 1163 1511 1205 truncavit,

328 1208 496 1241 Mediante
521 1212 562 1247 te,
591 1209 728 1247 domina.
1015 1211 1059 1244 Ut
1084 1212 1202 1243 vitaret
1229 1212 1334 1243 carnis
1359 1216 1459 1249 actus,

329 1257 389 1296 Qui
416 1265 484 1288 cum
512 1256 624 1288 effectu
649 1258 794 1297 protinus
1015 1259 1078 1291 Sed
1105 1260 1144 1291 ob
1171 1259 1299 1290 missam
1325 1263 1356 1291 te
1384 1260 1511 1300 rogavit

324 1305 428 1337 Audit
450 1307 506 1336 tua
529 1306 723 1344 precamina.
1012 1307 1058 1339 Et
1081 1307 1223 1339 surrexit
1247 1316 1343 1339 sanus
1368 1306 1483 1341 factus.

232 1371 312 1405 114.
328 1371 516 1403 Precamina
541 1374 616 1403 ante
640 1371 744 1403 Deum
918 1374 997 1406 118.
1012 1373 1131 1406 Factus
1157 1374 1264 1406 salvus
1291 1378 1368 1407 tunc
1392 1376 1512 1417 populo

325 1420 457 1452 Fundas
468 1422 605 1459 propter
618 1422 650 1451 te
662 1420 856 1461 laudantem,
1011 1422 1162 1455 Divinum
1189 1421 1302 1454 efflans
1327 1432 1478 1457 areanum

325 1467 414 1499 Dans
439 1475 615 1499 sermonem
636 1468 668 1499 in
696 1477 731 1500 os
752 1477 858 1500 meum
1010 1470 1119 1502 Visun]
1147 1474 1178 1502 et
1204 1469 1325 1503 factum
1351 1470 1471 1505 famulo

325 1515 459 1547 Rectum
486 1518 518 1546 et
541 1514 623 1547 bene
648 1520 823 1549 sonantem.
1009 1518 1077 1551 Tuo
1102 1528 1162 1559 per
1186 1521 1218 1550 te
1243 1528 1340 1560 super
1364 1530 1503 1555 manum.

230 1582 308 1615 115.
325 1582 497 1615 Sonantem
523 1591 648 1622 quoque
674 1582 825 1617 decenter
915 1584 993 1619 119.
1009 1585 1152 1629 Manum,
1179 1586 1295 1626 Maria,
1325 1588 1366 1619 da
1391 1589 1499 1628 talem,

323 1631 465 1663 Laudem
494 1638 594 1661 meam
620 1639 713 1662 sacra
737 1631 790 1670 pie
1008 1633 1076 1673 Qua
1100 1635 1225 1667 valeam
1251 1639 1454 1675 pertractare

324 1678 478 1710 Precibus
501 1678 732 1719 indesinenter,
1009 1681 1113 1723 Digne
1138 1683 1274 1714 hostiam
1299 1684 1429 1716 vitalem

323 1726 444 1758 Astans
470 1726 549 1757 meis
574 1730 679 1769 noctu,
709 1727 770 1759 die.
1006 1730 1062 1762 Ad
1083 1732 1157 1763 Iesu
1182 1739 1307 1763 sacrum
1333 1733 1446 1768 altare.

228 1793 306 1827 116.
323 1793 385 1826 Die
410 1793 627 1826 tribulationis
918 1796 995 1829 120.
1009 1797 1125 1829 Altare
1149 1797 1231 1841 lesu,
1259 1799 1377 1838 Maria,

321 1842 487 1874 Auxilium
512 1841 603 1873 mitte
628 1851 749 1883 sanum,
1007 1845 1075 1877 Tuo
1100 1848 1174 1878 fiam
1202 1847 1371 1889 levamine,

322 1890 408 1929 Quae
433 1890 535 1922 sancti
560 1898 664 1930 papae
689 1890 806 1922 Leonis
1008 1893 1079 1925 Hoc
1103 1898 1135 1926 te
1161 1898 1251 1934 roget
1275 1895 1373 1928 Anna
1397 1898 1461 1942 pia,

320 1938 507 1971 Abscissam
533 1939 653 1970 sanasti
678 1947 816 1970 manum.
1006 1942 1113 1975 Mater
1137 1946 1203 1974 tam
1228 1953 1363 1985 magnae
1383 1947 1542 1982 dominae.

842 2017 917 2049 XX.

226 2083 303 2116 121.
319 2083 456 2116 Domine
480 2091 547 2122 rex,
573 2083 607 2114 in
631 2082 759 2125 virtute,
913 2085 992 2118 123.
1007 2085 1201 2119 Affectiones
1226 2090 1338 2122 noxias

319 2133 419 2170 Quam
444 2130 562 2172 virgini
589 2131 646 2162 das
666 2131 802 2171 Mariae,
1005 2133 1124 2166 Aufert
1148 2144 1168 2168 a
1191 2145 1241 2168 me
1267 2140 1389 2171 cunctis
1415 2141 1479 2182 pia,

318 2180 432 2212 Vivam
458 2182 526 2211 tute
552 2188 622 2210 cum
645 2179 759 2219 salute,
1006 2181 1075 2221 Qua
1099 2186 1174 2223 post
1199 2186 1303 2218 carnis
1329 2187 1479 2222 lascivias

317 2228 403 2260 Hinc
429 2227 592 2260 exsultans
614 2230 683 2259 tota
710 2228 771 2262 die.
1006 2230 1168 2264 Conversa
1193 2233 1294 2267 claret
1318 2235 1434 2272 Maria.

222 2296 301 2330 122.
317 2295 387 2336 Die,
413 2295 530 2335 Maria,
557 2304 596 2327 ac
620 2297 714 2327 nocte
908 2298 987 2331 124.
1002 2298 1109 2331 Maria
1133 2301 1214 2332 haec
1239 2302 1400 2344 Aegyptia

317 2344 462 2377 Vitantes
489 2343 651 2376 ovationes
1003 2346 1177 2380 Ierusalem
1205 2358 1302 2391 agens
1327 2353 1413 2385 viam

318 2392 605 2433 concupiscentiae
628 2395 736 2424 coctae
1006 2394 1116 2428 Crucis
1143 2397 1224 2430 adiit
1247 2400 1331 2434 ostia

314 2440 458 2473 Fuerunt
484 2440 678 2475 affectiones
1003 2445 1186 2479 Invocando
1212 2449 1245 2479 te
1270 2448 1417 2483 Mariam.
