1655 2726
161 217 216 253 31.

160 637 217 672 32.

160 1055 215 1090 33.

156 1473 213 1507 34.

154 1894 211 1927 35.

149 2315 206 2350 36.

244 219 326 263 Ave,
352 221 444 260 pacis

293 271 444 301 aeternae
469 270 560 313 visio,

244 315 331 349 Laus
357 320 543 351 sanctorum

294 367 327 396 et
351 366 534 408 exsultatio,

243 412 343 452 Quam
367 413 488 445 merito

292 461 386 493 decet
407 461 565 506 laudatio,

242 509 466 550 Repraesenta

289 567 349 591 nos
373 561 429 591 tuo
456 558 533 593 filio.

243 636 327 679 Ave,
353 645 412 676 per
438 646 533 678 quam

291 683 351 717 filii
374 685 537 718 hominum

242 733 446 767 Benedicunt

293 784 458 817 aeternum
483 782 668 825 Dominum,

245 830 342 865 Cuius
368 840 498 872 semper

292 879 362 911 laus
385 879 419 912 in
445 888 502 913 ore
527 883 582 913 tuo

241 927 293 960 Ab
321 928 408 960 omni
431 937 490 960 nos

290 976 411 1009 munda
435 976 609 1017 superfluo.

242 1055 325 1095 Ave,
351 1062 412 1095 per
437 1063 532 1095 quam

290 1102 378 1134 Deus
402 1102 557 1135 iudicium

238 1150 405 1193 Mitigavit

290 1199 393 1241 culpis
418 1199 573 1242 fidelium,

241 1247 369 1281 Nocere
394 1248 487 1281 nobis

289 1297 435 1330 volentes
459 1297 569 1331 iudica

239 1346 286 1378 Et
309 1346 535 1386 impugnantes

287 1394 341 1435 pie
364 1394 511 1436 pacifica.

239 1473 321 1513 Ave,
347 1472 460 1505 mundi

287 1520 489 1562 propitiatio,

240 1570 452 1603 Peccatorum

289 1627 365 1659 spes
390 1620 423 1650 et
446 1618 595 1660 salvatio,

238 1667 437 1708 Delinquere

287 1716 434 1749 volentes
458 1717 600 1757 reprime

238 1765 284 1798 Et
307 1765 424 1797 timore

287 1813 351 1846 Dei
375 1823 435 1846 nos
457 1814 619 1857 imprime.

238 1893 320 1936 Ave,
348 1892 410 1925 Dei

285 1950 468 1974 sermonum
496 1942 633 1982 conscia,

236 1990 442 2024 Secretorum

285 2040 353 2072 eius
379 2049 443 2072 non
474 2040 587 2081 inscia,

235 2087 341 2122 Aufer
366 2098 387 2122 a
410 2088 505 2122 nobis

283 2147 441 2170 venenum
468 2137 595 2179 aemuli,

235 2187 286 2220 Ne
310 2187 451 2220 zelemus

281 2236 424 2278 maligna
449 2236 581 2269 saeculi.

234 2315 315 2358 Ave,
341 2316 476 2356 placans

282 2361 425 2397 furorem
447 2363 589 2407 Domini,

230 2413 320 2446 Iram
343 2413 408 2446 Dei

280 2461 431 2505 mitigans
452 2462 584 2501 homini,

694 123 932 159 -45-

855 445 913 480 37.

857 864 913 897 38.

855 1281 910 1314 39.

853 1701 909 1734 40.

852 2119 909 2154 41.

940 220 991 253 Ne
1009 220 1111 253 iratus

987 269 1077 302 Deus
1101 277 1160 301 nos
1185 273 1309 311 arguat,

941 317 1104 351 Protectio

988 368 1045 400 tua
1068 375 1127 399 nos
1153 369 1255 402 eruat.

938 444 1022 487 Ave,
1044 454 1163 477 manna

989 493 1128 526 caeleste
1149 494 1292 537 pariens,

938 542 1015 575 Vias
1041 544 1167 575 nostras

988 593 1055 623 esto
1083 591 1276 632 custodiens,

941 638 1104 672 Conserva
1128 648 1186 672 nos

987 697 1007 721 a
1031 688 1116 721 malo
1142 696 1249 729 opere,

940 735 989 769 Ne
1014 745 1182 778 peccemus

985 785 1020 818 in
1043 785 1154 826 lingua
1177 788 1308 821 temere.

939 862 1023 908 Ave,
1050 871 1128 896 vera

985 911 1174 952 propitiatio

940 960 1152 994 Peccatorum

987 1011 1020 1040 et
1044 1008 1252 1049 exspectatio,

938 1055 986 1089 Ut
1009 1057 1159 1089 intendat

987 1103 1061 1137 filiis
1086 1104 1258 1147 hominum,

939 1153 988 1186 Tu
1013 1152 1157 1186 adiutrix

986 1204 1054 1235 esto
1078 1200 1233 1235 fidelium.

938 1280 1019 1323 Ave,
1047 1278 1170 1312 Christi

985 1328 1133 1369 genetrix
1156 1327 1321 1372 pauperis,

936 1376 1001 1411 Sed
1028 1377 1121 1417 egeni

983 1435 1044 1466 pro
1068 1425 1162 1458 nobis
1187 1424 1324 1469 miseris,

936 1473 1049 1507 Edoce
1073 1483 1132 1506 nos

983 1523 1072 1555 illius
1098 1530 1199 1563 opera

936 1571 982 1605 Et
1006 1572 1040 1604 in
1068 1571 1120 1604 die

985 1621 1072 1652 mala
1096 1628 1155 1652 nos
1179 1619 1295 1653 libera.

934 1700 1016 1741 Ave,
1043 1696 1167 1731 fontem

987 1747 1130 1780 divinum
1156 1747 1278 1788 sitienS,

938 1796 1036 1843 Quasi
1062 1804 1175 1829 cervus

985 1845 1135 1877 ardorem
1159 1844 1296 1888 patiens,

934 1893 1012 1933 Fac,
1039 1895 1076 1926 ut
1100 1894 1148 1925 tui

983 1942 1090 1975 Deum
1117 1941 1304 1975 desiderent

935 1991 981 2025 Et
1003 1991 1038 2024 in
1063 1999 1162 2033 regno

983 2043 1037 2073 tuo
1065 2040 1279 2074 considerent.

935 2119 1017 2159 Ave,
1043 2121 1149 2151 mater

984 2168 1062 2210 eius,
1090 2167 1145 2208 qui
1169 2166 1301 2210 iudicat,

936 2216 997 2257 Qui
1023 2216 1192 2248 credentes

981 2265 1015 2297 in
1041 2273 1077 2298 se
1100 2262 1257 2296 iustificat

936 2313 1098 2348 Discerne
1121 2322 1180 2346 nos

983 2372 1004 2395 a
1027 2371 1163 2402 nequam
1187 2361 1346 2405 gentibus,

935 2411 987 2446 Ab
1014 2420 1122 2444 earum

981 2470 1039 2493 nos
1065 2469 1198 2495 servans
1223 2459 1404 2496 fraudibus
