1655 2726
760 149 1019 186 —1‘76—

234 249 315 282 852.
331 247 459 289 Parum,
487 249 548 281 heu
572 257 633 290 me,
660 258 717 281 vos
744 250 837 291 colui,

231 837 311 870 855.

228 1068 307 1100 856.

228 1625 308 1657 860.

227 1856 306 1890 861.

226 2089 305 2122 862.

226 2320 307 2354 863.

327 296 392 329 Sed
418 305 474 330 vos
499 297 587 337 pleni
614 297 749 330 caritate

325 345 509 378 Peccatoris
534 345 690 387 precatui,

327 392 447 433 Sancti,
474 402 530 425 vos
556 402 640 425 nunc
665 394 829 428 inclinate.

921 250 1001 283 853.
1016 247 1141 281 1nclina
1165 249 1198 278 te
1223 254 1283 286 pro
1309 253 1360 276 me
1384 244 1478 284 iuste,

1014 296 1154 335 Simeon,
1181 295 1223 327 ad
1250 294 1332 326 hanc
1356 291 1508 332 Mariam,

1014 344 1062 378 Ut
1086 352 1145 384 per
1168 346 1201 375 te
1225 343 1339 383 culpae
1363 342 1510 373 vetustae

1014 392 1178 425 Adhibeat
1204 400 1313 424 curam
1337 390 1436 431 piam.

576 481 655 514 854.
671 481 760 513 Piam
787 484 819 513 et
844 484 876 513 te
900 480 1077 521 percipiam

670 529 826 562 Simeonis
855 529 1022 570 dignitate,

668 577 787 617 Mater,
813 577 855 610 ad
882 577 970 609 cuius
996 576 1132 618 gratiam

668 625 805 657 Animae
831 628 905 657 sunt
928 625 1112 657 inclinatae.

803 750 967 784 LXXXV.

326 836 451 868 Inclina
475 840 517 878 te,
544 837 587 869 mi
614 837 754 880 domina,

324 884 378 916 Ad
403 885 531 925 inopem
557 888 589 917 et
613 894 788 925 pauperem

326 932 394 964 Nec
418 941 482 965 non
507 934 592 965 inter
619 933 792 965 certamina

325 981 419 1013 quta
444 989 495 1013 me
519 982 573 1022 sis,
603 984 638 1013 ut
663 990 823 1021 superem.

324 1066 479 1107 Superem
505 1068 725 1101 adversarium

322 1115 441 1148 Salutis
466 1125 556 1149 meae
581 1116 706 1148 animae

324 1164 389 1196 Per
413 1165 501 1195 tuum
527 1164 732 1204 adiutorium,

322 1211 432 1243 Mater
457 1212 526 1252 spei
551 1213 758 1244 certissimae.

918 838 998 871 85¹7.
1016 836 1200 870 Certissime
1225 839 1259 869 tu
1285 837 1401 876 suavis,

1013 884 1117 924 Super
1142 894 1251 918 omnes
1278 885 1392 926 dulciS,
1417 885 1515 925 mitis,

1013 932 1111 964 Bonis
1137 942 1326 966 succurrens
1349 936 1381 965 et
1404 933 1524 977 pravis,

1012 980 1152 1013 Cuilibet
1177 991 1270 1022 opem
1295 979 1450 1014 immittis.

916 1067 996 1101 858.
1011 1067 1176 1111 Mitisque,
1204 1069 1319 1111 Maria,
1346 1068 1419 1102 fiam

1011 1116 1150 1148 Astante
1175 1120 1208 1149 te
1235 1126 1333 1158 prece
1358 1118 1424 1158 pia,

1011 1163 1202 1197 Memoriam
1229 1166 1275 1197 tui
1300 1166 1387 1205 piam

985 1210 1120 1252 'Agens
1147 1222 1216 1245 cum
1242 1214 1348 1246 laudis
1374 1214 1488 1255 gloria.

574 1300 654 1333 859.
670 1299 781 1332 Gloria
805 1299 875 1339 tibi,
901 1298 1018 1340 Maria,

667 1347 806 1379 Materia
831 1356 965 1387 magnae
989 1347 1105 1390 laudis,

667 1395 754 1434 Quae
775 1395 915 1427 libenter
939 1404 1017 1427 aure
1044 1396 1097 1436 pia

666 1443 720 1475 Ad
746 1445 779 1475 te
805 1443 978 1475 clamantes
1005 1444 1148 1478 exaudis,

790 1549 971 1583 LXXXVI.

323 1624 549 1658 Fundamenta
574 1625 757 1658 firmissima

323 1672 446 1705 Unicae
469 1673 545 1706 fidei
572 1671 693 1706 Christi

322 1721 371 1753 Tu
396 1721 474 1761 sola,
501 1721 701 1764 fidelissima,

324 1768 517 1802 Constanter
543 1770 714 1803 retinuisti.

322 1856 505 1899 Retinuisti,
532 1857 651 1896 Maria,

323 1903 439 1936 Fidem
464 1905 556 1937 iuxta
580 1905 653 1937 Iesu
679 1914 815 1948 crucem,

323 1952 448 1985 Ceteris
472 1953 506 1985 in
531 1956 634 1985 morte
658 1954 713 1995 pia

320 1999 553 2041 Linquentibus
578 2002 664 2035 vitae
691 2003 813 2036 ducem.

321 2087 442 2119 Ducem
468 2088 573 2121 Iesum
599 2088 711 2121 videns
738 2091 842 2121 tecum

321 2135 481 2169 Iohannes
505 2137 539 2168 in
566 2145 659 2169 cruce
684 2137 776 2177 mori,

323 2184 370 2216 Te
394 2184 427 2216 in
452 2188 586 2217 matrem
614 2186 701 2226 cepit
725 2194 831 2218 secum

321 2232 517 2273 Adoptionis
542 2243 606 2266 non
630 2234 726 2269 thori.

321 2320 422 2352 Thori
446 2331 510 2354 non
535 2322 620 2354 hunc
644 2322 677 2354 in
699 2320 799 2354 filium

319 2368 495 2402 Iohannem
520 2370 650 2413 habens,
678 2370 794 2411 Maria,

317 2416 370 2450 Ab
398 2418 510 2451 eodem
536 2418 720 2459 obsequium

321 2465 500 2507 Percepisti
525 2467 590 2500 fide
615 2468 680 2508 pia.

916 1627 995 1661 864.
1011 1627 1079 1668 Pia,
1107 1637 1198 1670 pura,
1226 1631 1368 1671 placens,
1396 1632 1534 1671 pulchra

1010 1675 1099 1708 Haec
1126 1686 1200 1710 vere
1226 1679 1398 1721 copulatio,

1011 1723 1172 1765 Corrupta
1196 1727 1308 1759 mortis
1334 1729 1485 1768 sepulcra

1009 1772 1122 1805 Vitans
1147 1774 1255 1807 vitalis
1280 1776 1367 1810 unio.

915 1860 993 1893 865.
1009 1860 1169 1893 Unionem
1195 1866 1259 1895 tam
1286 1864 1436 1904 pudicam

1010 1908 1177 1942 Recolenti
1205 1920 1273 1943 cum
1295 1912 1447 1946 laudibus

1008 1956 1065 1998 Te,
1091 1957 1209 1999 Maria,
1236 1960 1293 1992 des
1319 1962 1455 1995 amicam

1008 2004 1117 2037 Sancti
1143 2007 1295 2041 Iohannis
1320 2011 1487 2050 precibus.

915 2093 996 2125 866.
1012 2093 1166 2127 Precibus
1190 2098 1300 2129 tantae
1326 2098 1462 2139 virginis

1007 2141 1063 2173 Me
1087 2151 1226 2186 servare,
1253 2149 1357 2179 mater
1385 2147 1518 2191 Christi,

1008 2189 1075 2222 Fac
1099 2191 1163 2224 vim
1189 2195 1274 2226 sacri
1301 2196 1481 2241 voluminis,

1008 2239 1095 2279 Quae
1120 2240 1221 2282 legem
1248 2244 1421 2278 retinuisti.

913 2326 992 2359 867.
1007 2326 1181 2361 Retinuisti
1209 2331 1361 2364 cadentes

1006 2375 1185 2410 Remittens
1212 2379 1257 2411 eis
1284 2380 1415 2422 delicta,

1005 2425 1218 2464 Quamobrem
1235 2431 1311 2460 sunt
1326 2430 1413 2462 inter
1430 2433 1541 2471 gentes

1007 2472 1156 2508 Gloriosa
1182 2477 1222 2508 de
1247 2479 1280 2509 te
1306 2478 1404 2511 dicta.
