1655 2726
257 252 311 285 11.

256 580 310 612 12.

250 906 306 939 13.

254 1233 307 1264 14.

248 1558 303 1590 15.

248 1885 302 1918 16.

249 2223 303 2256 17.

337 252 419 292 Ave,
446 261 527 292 quae
550 261 615 284 non
641 250 788 284 defecisti

336 299 526 341 Sanctitate,
551 300 608 332 sed
634 298 723 332 fuisti

378 348 560 380 Vanitatem
590 356 755 389 respuens,

332 396 514 437 Egenorum
540 399 676 437 propter
700 404 813 436 preces

333 444 481 484 Exsurge
507 447 699 485 cunctasque
723 443 829 476 faeces

381 492 591 524 Peccatorum
616 492 760 524 abluens.

337 579 419 620 Ave,
446 587 527 619 quae
549 579 582 610 in
606 579 738 610 salutari

334 626 388 659 Sic
413 627 564 669 exsultas,
590 630 625 658 ut
652 626 742 658 effari

382 674 492 708 Omnis
516 675 625 716 lingua
649 677 796 715 nequeat,

336 723 444 756 Corda
468 726 579 755 nostra
602 725 638 754 tu
663 723 800 762 illustra,

334 771 381 803 Ut
406 774 538 803 conetur
562 771 596 802 in
621 780 679 802 nos
705 769 827 802 frustra

381 819 493 851 Hostis
517 827 579 850 nec
600 819 796 858 praevaleat.

331 906 413 945 Ave,
441 905 529 946 Sion,
557 914 595 937 ex
621 914 683 946 qua
709 906 804 938 datur

334 953 493 994 Salutare,
520 962 581 993 quo
609 953 745 986 donatur

380 1001 473 1033 Salus
498 1000 697 1042 indeficiens,

332 1049 395 1081 Det
424 1049 575 1080 virtutum
602 1049 694 1081 nobis
719 1059 841 1093 munus,

333 1097 380 1128 Te
404 1100 558 1137 poscente
582 1097 683 1129 bonus
707 1107 788 1129 unus

379 1145 430 1177 De
452 1145 540 1176 caelo
562 1145 773 1185 prospiciens.

334 1233 415 1271 Ave,
442 1232 526 1263 alma
551 1240 668 1271 parens
696 1231 827 1272 Christi,

335 1280 422 1319 Quae
447 1280 489 1312 ad
515 1280 619 1312 caelos
642 1280 782 1311 introisti

382 1327 514 1367 Absque
537 1328 605 1359 ulla
629 1328 764 1367 macula,

334 1375 499 1407 Mundans
523 1384 581 1407 nos
604 1375 644 1407 ab
663 1376 749 1407 omni
765 1384 865 1407 naevo

333 1422 406 1454 Duc
431 1427 505 1463 pest
529 1427 562 1454 te
587 1423 626 1455 de
643 1423 754 1455 mundi
771 1432 866 1455 saevo

380 1470 478 1502 Lucis
501 1471 543 1503 ad
570 1472 730 1503 cenacula.

329 1557 411 1598 Ave,
439 1560 528 1589 casta
554 1561 751 1597 conservata,

331 1605 431 1637 Sacra
455 1606 562 1645 proles
590 1607 630 1638 de
654 1610 687 1638 te
711 1609 788 1638 nata

378 1653 448 1685 Tua
471 1657 520 1685 est
543 1654 716 1695 hereditas,

334 1701 397 1734 Per
422 1704 455 1733 te
478 1701 582 1743 nobis,
609 1712 626 1734 o
651 1702 767 1743 Maria,

335 1749 421 1782 Nota
445 1749 503 1782 fiat
528 1751 613 1782 vitae
638 1751 700 1792 via,

380 1798 480 1838 Quam
506 1807 569 1830 non
594 1799 698 1839 tangit
714 1797 862 1831 foeditas.

330 1885 411 1926 Ave,
439 1885 528 1916 cuius
555 1893 610 1916 cor
634 1884 785 1925 probavit

329 1934 418 1966 Deus
444 1937 539 1973 atque
562 1933 708 1965 visitavit

378 1981 615 2021 Redemptums
641 1982 778 2023 saecula,

332 2029 408 2061 Vias
435 2030 531 2062 duras
557 2029 720 2061 custodire

333 2078 379 2111 Ut
403 2078 572 2118 possimus,
599 2078 656 2109 has
680 2078 784 2109 lenire

380 2125 481 2158 Stude
504 2134 601 2166 prece
624 2125 748 2159 sedula.

330 2222 413 2264 Ave,
441 2231 535 2263 quam
562 2222 602 2254 de
626 2222 728 2255 nostri
755 2222 823 2254 limi

330 2271 418 2304 Deus
443 2271 574 2303 mittens
597 2270 637 2302 de
661 2270 790 2302 sublimi

377 2319 562 2359 Assumpsit
586 2319 767 2361 putredine,

332 2369 403 2401 Tua
423 2372 515 2410 regat
541 2368 712 2408 disciplina

331 2416 410 2457 Nos,
437 2419 474 2449 ut
497 2420 603 2448 tecum
626 2416 659 2448 in
688 2416 797 2449 divina

378 2466 532 2498 Vivamus
557 2465 737 2497 dulcedine.

877 152 922 188 72

940 251 995 284 18.

939 578 994 611 19.

938 907 993 939 20.

938 1232 993 1265 21.

938 1560 994 1591 22.

935 1888 989 1920 23.

934 2226 989 2259 24.

1021 251 1102 293 Ave,
1129 251 1177 283 sol
1202 251 1310 285 Maria
1332 250 1518 292 splendens,

1021 299 1058 331 In
1070 308 1131 339 qua
1143 298 1286 331 Christus
1297 300 1339 332 ad
1350 308 1408 331 nos
1417 299 1554 331 tendens

1070 347 1162 380 Fixit
1184 347 1434 389 tabernaculum,

1019 395 1072 426 Ab
1098 396 1230 427 occultis
1255 405 1313 428 nos
1340 395 1487 435 emunda,

1020 442 1071 475 Ne
1096 452 1224 477 ruamus
1247 444 1280 476 in
1306 442 1470 484 profunda

1068 491 1141 523 Leti
1165 501 1226 532 per
1250 492 1421 532 piaculum.

1020 578 1101 615 Ave,
1128 577 1247 610 fontem
1274 589 1337 620 qua
1360 579 1455 617 elisit,

1022 625 1099 659 Cum
1127 627 1167 658 (le
1191 631 1301 659 sancto
1324 627 1383 659 tibi
1409 626 1495 658 misit

1069 675 1144 707 Pius
1170 684 1228 707 rex
1253 676 1417 716 auxilium,

1021 722 1089 754 Nos
1113 723 1146 754 in
1171 726 1225 755 tuo
1251 724 1384 755 salutari

1023 772 1121 803 Posce
1146 774 1250 803 tecum
1277 771 1453 813 collaetari,

1068 819 1092 851 O
1118 819 1251 859 pudoris
1273 820 1385 852 lilium.

1020 906 1101 945 Ave,
1128 907 1219 947 virgo
1246 906 1316 939 Deo
1341 909 1443 947 grata,

1020 953 1108 993 Quae
1131 955 1163 986 in
1190 955 1278 987 nullo
1305 963 1338 986 es
1364 953 1515 986 fraudata

1068 1002 1181 1035 Cordis
1209 1002 1381 1044 desiderio,

1021 1050 1136 1082 Vultus
1163 1050 1282 1084 Christi
1309 1051 1476 1082 consolare

1020 1098 1136 1130 Servos
1162 1101 1233 1130 tuos
1258 1099 1290 1130 in
1316 1098 1504 1138 praeclarae

1065 1145 1164 1178 Lucis
1186 1145 1367 1186 refrigerio.

1019 1234 1100 1275 Ave,
1121 1242 1238 1265 manna-
1255 1233 1387 1274 =gignens
1401 1242 1553 1272 vermem,

1019 1281 1116 1320 Quem
1126 1281 1217 1320 plebs
1225 1281 1555 1314 damnatutinermem

1066 1329 1175 1361 Plenis
1199 1329 1416 1370 improperiis,

1020 1376 1094 1415 Ora,
1120 1380 1157 1408 ut
1181 1386 1240 1417 per
1262 1380 1397 1409 mortem
1422 1377 1484 1409 Dei

1022 1421 1129 1456 Corda
1153 1428 1265 1457 nostra
1289 1426 1403 1457 vivant
1428 1427 1457 1457 ei

1069 1472 1194 1505 Sanctis
1222 1473 1401 1506 desideriis.

1019 1559 1100 1600 Ave,
1130 1560 1228 1601 virgo,
1256 1569 1338 1600 quae
1361 1560 1509 1593 labentes

1021 1606 1211 1640 Suscitando
1237 1609 1348 1640 tristes
1372 1612 1496 1641 mentes

1066 1655 1267 1688 Con-solando
1294 1657 1401 1700 erigis,

1018 1704 1109 1736 Sacri
1133 1713 1193 1744 per
1217 1705 1329 1737 altaris
1353 1715 1496 1739 mensam

1017 1752 1109 1784 Tolle
1133 1756 1251 1786 metum
1278 1756 1311 1785 et
1334 1753 1486 1787 offensam

1064 1801 1094 1832 A
1118 1802 1236 1833 nostris
1261 1802 1411 1835 miseriis.

1016 1887 1097 1928 Ave,
1126 1888 1229 1920 dulcis
1256 1891 1290 1921 et
1313 1887 1462 1934 fecunda,

1016 1936 1101 1968 Actu
1128 1937 1226 1969 corda
1249 1940 1361 1970 nostra
1385 1940 1515 1981 munda,

1064 1984 1173 2016 Mater
1198 1986 1283 2026 regis
1309 1987 1442 2028 gloriae,

1018 2033 1078 2072 Qui
1101 2033 1136 2065 in
1163 2034 1250 2066 caelo
1276 2038 1313 2066 ut
1336 2036 1385 2068 sol
1412 2037 1519 2081 micat,

1016 2080 1081 2113 Hic
1104 2091 1164 2123 per
1188 2085 1221 2114 te
1244 2092 1303 2115 nos
1329 2083 1511 2126 benedicat,

1064 2129 1229 2163 Praebens
1255 2140 1346 2172 spem
1371 2134 1539 2168 victoriae.

1016 2225 1097 2265 Ave,
1124 2230 1245 2271 sancta,
1274 2230 1360 2269 quod
1385 2230 1502 2264 levasti

1015 2274 1069 2307 Ad
1096 2274 1263 2318 factorem,
1291 2287 1386 2318 quem
1404 2281 1554 2320 portasti,

1063 2324 1166 2356 Tuam
1191 2329 1335 2358 sanctam
1360 2328 1511 2371 animam,

1016 2372 1125 2412 Ipsum
1153 2382 1281 2414 semper
1308 2375 1486 2416 deprecare

1016 2421 1062 2454 Ut
1089 2421 1143 2453 det
1167 2432 1226 2454 nos
1248 2423 1434 2457 hereditare

1065 2469 1199 2502 Terram
1225 2471 1307 2503 lucis
1333 2473 1498 2513 optimam.
