1655 2726
184 209 216 242 9,

160 537 217 571 10.

157 866 212 900 11.

158 1197 213 1229 12.

155 1527 212 1561 13.

151 1859 205 1892 14.

149 2202 204 2234 15.

694 113 933 149 -79-

243 209 325 249 Ave,
353 209 453 253 virgo,
480 218 562 249 quae
588 212 704 244 emissa

242 256 289 289 Es
318 257 358 289 de
383 256 461 289 Sion
484 260 523 291 ut
546 260 707 299 promissa

293 304 398 338 Dictis
423 305 456 338 in
481 307 605 351 Isaicis,

243 353 295 385 De
320 356 466 386 torrente
491 356 651 393 passionis

248 401 395 435 Christus
409 401 525 434 bibens
539 413 598 443 per
612 406 644 436 te
658 403 782 436 thronis

291 449 409 491 lungat
433 459 491 483 nos
518 452 683 493 angelicis.

245 536 326 579 Ave,
354 546 436 577 quae
461 537 716 579 redemptionem

244 584 342 617 Verbi
367 593 427 625 per
452 586 689 627 susceptionem

291 633 460 666 Protulisti
485 634 623 677 saeculo,

240 681 332 721 Quod
359 682 451 714 dedit
476 682 700 724 hereditatem,

242 730 306 762 Per
332 732 364 761 te
390 731 483 763 nobis
510 731 703 765 suavitatem

289 778 357 811 Det
380 779 414 811 in
441 780 527 812 vitae
552 781 695 821 speculo.

241 867 323 908 Ave,
352 867 393 898 de
419 875 481 907 qua
507 875 617 899 verum
642 868 749 900 lumen

239 915 352 947 Rectis
378 923 439 956 per
466 915 609 948 divinum
635 925 751 948 numen

289 964 402 997 Ortum
430 967 479 995 est
503 964 537 995 in
563 964 717 1004 tenebris,

242 1010 292 1043 Ne
318 1011 358 1043 ab
385 1013 436 1044 ira
456 1010 678 1053 formidemus,

239 1060 302 1101 Da,
329 1060 364 1092 in
390 1059 458 1093 Deo
482 1062 518 1093 ut
537 1069 715 1101 speremus,

289 1109 314 1142 Ο
341 1108 450 1141 Maria
476 1108 623 1142 celebris,

240 1196 323 1238 Ave,
352 1196 453 1236 virg0,
480 1198 585 1228 mater
610 1196 740 1238 munda,

239 1243 329 1283 Quae
356 1244 397 1277 de
422 1253 537 1287 magno
565 1254 599 1277 cs
623 1245 766 1278 iucunda

289 1293 449 1326 Filiorum
478 1302 622 1336 numerO,

240 1342 304 1374 Per
330 1344 364 1373 te
387 1351 448 1375 nos
472 1342 507 1374 in
533 1342 606 1374 imis
630 1346 724 1375 natos

240 1390 317 1422 Pius
343 1392 456 1430 pastor
481 1390 523 1423 ad
551 1390 662 1423 beatos

289 1438 389 1471 Sacro
414 1441 525 1479 portet
548 1448 670 1472 umero.

240 1526 322 1563 Ave.
350 1535 470 1566 parens
494 1527 580 1567 regis
606 1528 697 1570 caeli,

238 1575 299 1615 Qui
327 1575 479 1608 ducatum
505 1575 623 1608 Israeli

285 1624 336 1656 Ex
363 1624 515 1665 Aegypto
541 1624 701 1665 praebuit,

235 1672 269 1705 Is
295 1673 451 1713 pusillum
476 1682 545 1705 cum
570 1673 692 1705 maiore

237 1721 307 1754 Tuo
334 1721 439 1754 salvet
464 1730 523 1762 pro
551 1730 670 1763 amore,

284 1771 369 1811 Quos
395 1778 456 1812 per
483 1779 611 1803 crucem
638 1771 732 1804 eruit.

233 1860 315 1900 Ave,
344 1859 387 1891 ad
414 1867 509 1899 quam
534 1858 705 1892 inclinavit

232 1906 322 1940 Deus
347 1915 468 1949 aurem,
497 1907 551 1949 qui
576 1906 718 1940 firmavit

281 1956 352 1988 Tua
379 1956 553 1997 desideria,

233 2005 270 2039 In
299 2006 445 2037 vivorum
472 2005 604 2046 regione

233 2053 300 2087 Nos
328 2053 495 2094 placentes
524 2053 652 2087 Christo
679 2063 763 2095 pone

282 2102 420 2135 Salvans
446 2112 466 2135 a
492 2103 632 2136 miseria.

230 2201 315 2242 Ave,
342 2201 449 2240 prima
472 2200 615 2233 reddens
642 2203 751 2234 votum

230 2249 301 2282 Deo
328 2249 461 2289 mundo,
488 2258 550 2291 quo
577 2258 637 2290 per
662 2252 764 2282 totum

292 2298 392 2331 Dicat
420 2299 652 2341 castimoniam,

233 2347 272 2381 In
300 2356 363 2388 qua
386 2357 446 2381 nos
473 2349 616 2381 concede
641 2350 730 2380 stare

233 2395 279 2429 Et
302 2404 362 2436 per
387 2396 491 2438 ipsam
517 2396 687 2430 immolare

284 2444 414 2479 Christo
438 2446 547 2480 laudis
570 2445 721 2479 hostiam.

859 212 910 247 16.

856 539 911 574 17.

855 869 910 903 18.

855 1196 909 1230 19.

851 1529 907 1561 20.

850 1858 906 1892 21.

849 2201 906 2234 22.

939 214 1020 255 Ave,
1047 223 1106 254 per
1123 223 1216 255 quam
1236 224 1345 247 omnes
1365 218 1476 256 gentes

937 261 1042 295 Deum
1067 263 1201 295 laudant
1228 264 1466 305 congaudentes

985 312 1076 344 Tuae
1103 311 1297 355 celsitudini,

939 358 1007 398 Qua
1032 368 1090 391 nos
1119 359 1265 392 Christus
1293 359 1475 393 confirmari

938 407 1047 447 Atque
1071 410 1180 440 tantae
1206 408 1322 441 sociari

986 454 1052 487 Det
1076 455 1281 490 beatitudini.

937 541 1019 581 Ave,
1047 551 1129 582 quae
1154 543 1196 575 ad
1220 542 1391 584 aequitatis

938 589 1054 622 Portas
1078 590 1203 623 intrans
1228 591 1382 624 trinitatis

988 636 1156 670 Confiteris
1181 640 1312 680 nomini,

939 685 1084 727 Regnum
1110 687 1191 719 lucis
1217 688 1258 719 ad
1285 689 1476 728 praeclarae

940 734 1003 767 Per
1028 737 1061 767 te
1087 735 1155 767 sine
1181 745 1239 768 nos
1265 736 1398 777 intrare,

984 783 1072 823 Quae
1098 792 1131 815 es
1158 787 1253 824 porta
1276 784 1417 818 Domini.

938 870 1019 910 Ave,
1047 873 1158 902 nostra
1183 879 1268 912 speS,
1294 871 1413 912 Maria,

938 917 985 950 Te
1010 919 1163 951 intactam
1189 919 1244 951 lex
1272 922 1304 951 et
1329 920 1381 952 via

984 966 1176 1000 Deducebat
1200 968 1342 1007 Domini,

938 1013 1001 1046 Per
1026 1018 1058 1046 te
1083 1016 1174 1056 lapso
1202 1015 1376 1056 disciplina

936 1062 981 1095 Et
1006 1065 1113 1095 erecto
1140 1063 1196 1095 lux
1223 1064 1333 1096 divina

985 1110 1013 1143 T
1015 1110 1163 1144 ribuatur
1188 1112 1319 1146 homini.

937 1197 1018 1239 Ave,
1047 1207 1128 1238 quae
1153 1198 1187 1230 in
1213 1199 1298 1231 omni
1325 1199 1391 1231 vita

936 1247 976 1279 In
999 1246 1161 1287 pressuris
1187 1256 1222 1280 es
1247 1246 1359 1280 audita

988 1295 1136 1328 (llamans
1162 1296 1204 1328 ad
1228 1296 1430 1338 altissimum,

937 1343 1112 1377 Sublevato
1136 1343 1312 1376 incolatum

937 1391 1091 1425 Nostrum
1117 1391 1212 1424 nimis
1236 1393 1473 1435 prolongatum,

985 1441 1011 1474 O
1037 1440 1128 1473 sidus
1152 1441 1375 1475 clarissimum.

935 1529 1016 1568 Ave,
1042 1537 1134 1560 mons
1159 1528 1320 1562 excellens
1347 1529 1420 1569 Dei,

934 1577 972 1609 Jn
999 1585 1091 1617 quem
1117 1577 1228 1609 levant
1252 1586 1362 1610 omnes
1389 1578 1437 1610 rei

983 1625 1039 1657 Sui
1067 1625 1173 1658 cordis
1200 1626 1319 1666 oculos,

935 1673 985 1706 Ne
1011 1674 1170 1716 malignus
1196 1683 1254 1707 nos
1282 1679 1423 1717 enervet,

933 1721 1002 1755 Nos
1027 1723 1061 1755 in
1087 1723 1170 1755 bono
1196 1726 1460 1764 praeconservet,

984 1771 1044 1810 Qui
1070 1772 1211 1804 custodit
1237 1772 1386 1813 populos

933 1861 1014 1903 Ave,
1043 1859 1132 1900 virgo
1161 1869 1236 1892 vere
1261 1860 1358 1900 laeta,

934 1909 1028 1942 Omni
1053 1907 1137 1941 bono
1164 1917 1245 1949 quae
1269 1909 1397 1950 repleta

980 1956 1026 1989 Es
1052 1956 1086 1989 in
1115 1958 1208 1990 domo
1236 1956 1377 1999 Domini,

934 2004 1081 2039 Christus
1106 2006 1138 2038 in
1165 2006 1285 2038 virtute
1310 2015 1368 2038 sua

931 2054 1042 2087 Donet
1067 2063 1179 2094 pacem
1205 2063 1303 2095 prece
1328 2057 1384 2086 tua

981 2102 1154 2135 Exsulanti
1179 2103 1309 2136 homini.

933 2202 1014 2244 Ave,
1042 2201 1134 2233 vultu
1161 2210 1243 2241 quae
1269 2203 1377 2233 erecta

930 2249 986 2282 Ad
1012 2250 1175 2282 excelsum
1201 2258 1236 2282 es
1261 2252 1374 2282 evecta

980 2299 1010 2330 A
1037 2298 1208 2331 mundanis
1234 2299 1392 2341 sensibus,

931 2346 1091 2380 Miserere
1114 2347 1220 2390 nobis,
1247 2347 1313 2389 pia,

931 2395 1100 2436 Miserere,
1128 2406 1146 2429 o
1172 2395 1289 2436 Maria,

982 2444 1113 2478 Cunctis
1139 2448 1171 2478 te
1198 2446 1389 2482 colentibus,
