1655 2726
186 504 241 536 25.

177 1104 233 1137 26.

177 1716 232 1747 27.

170 2331 225 2363 28.

716 100 974 137 —115—

259 192 311 226 Ex
336 194 398 226 hoc
422 196 456 228 in
482 196 543 229 hoc
568 201 742 239 perpetuas

260 239 447 276 Possidebit
471 246 560 286 quasi
588 256 662 279 suas

309 291 434 324 Poenas
458 293 533 334 igne
557 297 710 337 tartareo,

260 338 330 371 Nec
355 340 420 373 iam
446 342 518 383 erit,
545 346 580 375 ut
605 345 728 376 statuas

258 387 503 423 Misericordias
528 393 601 423 tuas

306 437 502 478 Aliqualiter
529 448 598 471 cum
626 448 673 474 eo.

258 504 362 537 Notus
387 506 421 538 in
447 505 580 549 Iudaea,
606 507 705 548 Deus,

257 553 340 586 Olim
369 562 451 596 eras,
478 556 536 587 sed
562 557 701 589 Iudaeus

305 601 462 635 Notitiam
485 603 664 644 abhorruit,

255 649 338 683 Dum
366 649 457 684 fuisti
482 652 648 685 Nazareus

256 699 365 739 Atque
389 699 483 733 homo
510 700 684 741 Galilaeus‚

302 746 348 778 Et
373 751 462 780 tanto
485 749 609 781 scelere
634 749 708 790 ruit,

255 794 345 834 Quod
372 799 405 827 te
429 797 562 829 tradere
588 797 689 830 voluit

255 843 366 885 Morti,
394 854 485 884 quam
514 844 602 878 ferre
628 845 739 879 debuit

302 891 410 924 Solum
436 893 598 926 homicida
623 902 707 934 reus,

252 939 297 971 Et
322 942 429 973 tamen
455 941 487 972 in
514 945 547 973 te
570 951 632 974 non
657 940 719 973 fuit

252 988 365 1028 Culpa,
391 989 475 1028 quod
501 990 581 1022 satis
605 990 713 1022 docuit

301 1037 455 1076 Proprius
484 1038 585 1070 codex
610 1037 790 1073 Hebraeus.

249 1103 338 1136 Voce
362 1113 434 1138 mea
459 1108 492 1136 te
516 1105 688 1138 Dominum

250 1151 298 1185 Ob
324 1161 509 1192 pressuram
534 1154 754 1194 gravaminum

297 1200 417 1233 Invoco
443 1206 550 1234 mente
577 1203 703 1242 devota,

251 1249 408 1281 Periculis
435 1259 503 1281 sum
529 1248 705 1294 fluminum,

249 1297 401 1329 Fratrum
428 1296 593 1339 falsorum,
621 1300 783 1331 hominum

297 1346 385 1378 Pelle
409 1349 567 1380 tectorum
590 1348 713 1390 ignota,

252 1395 296 1428 Ut
322 1404 397 1435 ergo
422 1396 562 1428 reddere
588 1398 662 1429 vota

248 1442 326 1475 Mea
352 1452 464 1484 queam
492 1444 552 1476 tibi
577 1448 653 1477 nota

298 1492 386 1524 Ante
412 1493 580 1525 mortalem
604 1493 785 1536 terminum,

250 1539 398 1572 Tonitrui
424 1550 487 1573 vox
513 1542 544 1573 in
569 1545 639 1574 rota

251 1588 398 1628 Dissipet
424 1598 492 1621 cum
521 1589 637 1623 fraude
662 1592 732 1622 tota

299 1636 417 1669 Dolum
444 1647 534 1670 suum
563 1638 811 1672 clandestinum.

249 1715 430 1756 Attendite,
458 1725 516 1756 pro
543 1717 677 1756 prologo

248 1763 337 1795 Dicit
362 1763 460 1805 Deus,
490 1765 642 1806 decalogo

296 1812 418 1845 Aurem
444 1816 586 1846 vestram
611 1814 776 1855 inclinate,

249 1862 343 1894 Hanc
367 1862 471 1902 legem
498 1872 557 1904 pro
583 1863 770 1904 paedagogo

249 1909 343 1942 Omni
367 1910 623 1952 archisynagogo

294 1958 340 1991 Et
363 1959 453 1999 plebi
479 1960 519 1993 do
546 1959 724 2002 divulgate,

247 2006 360 2039 Novae
386 2017 511 2049 quoque
536 2009 616 2050 legis
644 2008 740 2041 datae

247 2055 292 2088 Et
314 2056 380 2088 iam
406 2058 648 2098 evangelizatae

295 2104 477 2146 Praecepta
502 2107 627 2139 servari
652 2115 740 2147 rogo,

249 2154 387 2186 Cunctos
413 2163 545 2186 monens
571 2153 707 2187 caritate

246 2201 340 2234 Hanc
365 2202 480 2235 haberi
505 2203 662 2237 honorate

295 2252 359 2284 Pro
385 2252 539 2285 mandato
563 2252 711 2293 analogo.

244 2329 344 2371 Deus,
372 2333 530 2363 venerunt
554 2332 706 2363 nocentes

243 2378 428 2416 ‘syrannice
453 2383 684 2420 persequentes

291 2427 448 2468 Sponsam
475 2431 561 2460 tuam
590 2427 770 2470 ecclesiam,

861 666 933 713 929.

871 1273 927 1306 30.

872 1893 928 1926 31.

951 202 1126 235 Ierusalem
1152 202 1333 242 polluentes

951 250 1088 283 Malitiis
1115 253 1147 282 et
1171 252 1325 292 ponentes

1000 299 1037 331 In
1063 307 1228 340 pomorum
1256 299 1444 339 custodiam,

952 346 1086 380 Sanctos
1111 347 1145 378 in
1172 348 1397 379 contumeliam

950 396 1098 428 Tradunt
1123 396 1236 427 mortis
1261 396 1429 428 saevitiam

999 444 1036 476 In
1063 443 1184 476 eisdem
1210 446 1396 476 exercentes

948 491 993 524 Et
1018 501 1077 531 per
1101 490 1226 523 fraudis
1252 492 1426 532 nequitiam

951 539 1050 571 Extra
1077 541 1182 572 locum
1209 539 1260 571 vel
1283 540 1422 580 patriam

996 587 1201 628 Segregando
1230 588 1462 629 dispergentes,

947 665 1008 705 Qui
1033 664 1117 706 regis
1144 665 1259 707 Israel,
1284 665 1360 697 vide

947 713 993 745 Et
1016 723 1075 755 pro
1101 715 1193 745 tanta
1218 713 1391 754 tyrannide

995 761 1192 796 Ulciscenda
1216 764 1249 793 te
1275 762 1390 802 excita,

949 809 1028 841 Veni
1055 818 1180 851 quoque
1204 810 1238 841 in
1263 810 1353 842 1ride

947 858 990 890 Et
1016 858 1148 900 virginis
1174 857 1232 890 sub
1261 858 1443 899 chlamyde,

995 907 1040 940 Ut
1064 915 1122 938 nos
1144 906 1260 948 salveS,
1286 909 1319 938 te
1343 907 1447 948 latita,

946 955 1026 987 Post
1051 954 1160 986 exiens
1185 963 1243 986 nos
1270 955 1365 987 visita

947 1002 1188 1041 Clementiaque
1211 1002 1334 1042 placita

994 1050 1129 1083 Custodi
1154 1059 1212 1082 nos
1237 1059 1298 1082 nec
1321 1051 1426 1091 rigide

945 1097 1064 1131 Contra
1088 1100 1200 1130 nostra
1221 1098 1337 1131 illicita

945 1146 1112 1187 Exsurgas
1137 1146 1189 1177 vel
1216 1146 1382 1187 demerita,

995 1194 1061 1227 Sed
1087 1194 1224 1235 benigne
1249 1204 1287 1227 ac
1310 1196 1450 1236 placide.

942 1272 1115 1305 Exsultate
1137 1271 1278 1304 adiutori

942 1320 1012 1353 Deo
1038 1322 1149 1352 nostro
1175 1320 1329 1352 salvatori

991 1369 1037 1401 Et
1062 1368 1167 1400 eidem
1192 1368 1338 1410 iubilate,

942 1417 1119 1457 Applicat-„e
1143 1416 1254 1448 tubam
1280 1419 1328 1449 ori

944 1467 986 1499 Et
1008 1474 1077 1497 cum
1105 1474 1182 1496 sono
1210 1465 1348 1497 dulciori

993 1514 1121 1546 Laudes
1148 1513 1177 1544 ei
1202 1513 1390 1554 buccinate3

942 1562 1078 1595 Mensae
1103 1570 1180 1593 suae
1206 1566 1281 1594 sunt
1304 1565 1451 1605 paratae,

945 1612 993 1645 Ut
1018 1611 1143 1643 animae
1168 1610 1231 1642 sibi
1258 1611 1363 1652 datae,

992 1659 1057 1692 Pro
1084 1658 1198 1698 quibus
1224 1659 1326 1693 voluit
1353 1660 1444 1698 mori,

944 1708 996 1740 Ex
1021 1708 1119 1748 adipe
1145 1708 1211 1739 sint
1236 1708 1362 1740 cibatae

943 1756 1114 1788 Frumenti
1141 1758 1172 1787 et
1196 1760 1361 1788 saturatae

991 1805 1170 1846 Tamquam
1197 1804 1267 1837 cibo
1292 1805 1428 1840 meliori.

943 1892 1032 1924 Deus
1058 1892 1149 1924 stetit
1173 1892 1207 1923 in
1233 1892 1338 1924 medio

941 1938 1080 1973 Suornm
1106 1940 1215 1973 clauso
1241 1941 1334 1981 ostio,

990 1990 1082 2022 Tunc
1107 1998 1279 2030 resurgens
1305 1998 1374 2021 cum
1402 1990 1506 2030 gloria

941 2038 1020 2070 Fuit
1045 2041 1077 2070 et
1100 2037 1135 2070 in
1161 2038 1351 2078 praesaepio

943 2087 1149 2127 Patibulique
1174 2087 1258 2118 atrio

991 2135 1087 2168 Stans
1112 2135 1198 2167 inter
1223 2135 1385 2178 animalia,

943 2184 1040 2217 Stetit
1065 2192 1190 2225 quoque
1214 2185 1247 2215 in
1275 2184 1393 2225 Maria,

942 2233 980 2265 In
1007 2233 1090 2265 cella
1115 2232 1328 2273 unguentaria

990 2281 1070 2314 Eius
1097 2283 1213 2321 aptans
1239 2290 1274 2313 se
1298 2282 1431 2324 gremio,

943 2331 989 2364 Ut
1013 2332 1146 2363 vocaret
1172 2330 1214 2362 ad
1241 2329 1360 2371 gaudia

942 2379 1123 2419 Pauperem
1151 2378 1191 2411 de
1213 2379 1334 2420 inopia,

989 2428 1093 2461 Reum
1121 2427 1161 2460 de
1185 2428 1397 2469 sterquilinio.

1289 2483 1330 2515 8*
