1655 2726
218 215 275 248 15.

217 796 273 829 16.

214 1380 270 1413 17.

214 1974 271 2009 18.

302 216 383 256 Ave,
408 224 468 255 per
493 225 590 256 quam

352 263 439 295 redit
464 263 659 306 haereditas,

303 312 391 352 Quae
418 319 552 344 coronas

350 361 514 391 restaurat
538 361 696 402 perditas,

300 408 365 440 Per
390 409 423 439 te
449 407 513 449 via,

350 455 417 487 vita
444 457 477 487 et
502 456 623 488 veritas

300 504 397 536 Vitae
421 503 515 536 nobis

348 552 543 585 monstravit
568 553 710 594 semitas,

301 602 338 634 In
366 610 429 642 qua
455 601 555 642 quies,

348 659 414 690 pax
437 652 469 681 et
492 651 651 682 securitas

398 697 481 730 Sunt
505 700 650 739 paratae.

299 795 382 839 Ave,
408 803 468 835 per
494 804 589 836 quam

347 844 447 876 iudex
475 844 678 877 clementiam

296 891 453 925 Mirificat

346 944 459 973 tenens
485 941 653 981 iustitiam,

299 989 384 1022 Dum
411 989 551 1022 offensus

347 1039 412 1071 reis
439 1038 497 1070 dat
521 1039 660 1080 veniam,

297 1087 396 1120 Iustis
423 1085 551 1119 confert

348 1138 381 1168 et
405 1138 502 1176 auget
526 1136 664 1176 gratiam

299 1185 345 1217 Et
371 1193 544 1216 conversos

346 1231 507 1265 transfert
532 1233 574 1266 ad
600 1233 736 1273 gloriam

391 1281 544 1315 Indilate.

296 1379 378 1422 Ave,
405 1388 465 1420 per
491 1389 587 1420 quam

348 1430 479 1460 terrena
504 1428 630 1469 superis

297 1477 410 1510 1unxit
434 1478 547 1509 auctor

347 1525 474 1566 antiqui
499 1524 642 1559 foederis

294 1574 472 1607 Inclinavit

347 1623 463 1666 caelos,
491 1624 528 1653 ut
552 1622 672 1654 veteris

297 1671 393 1704 Adae
419 1671 547 1711 culpam

346 1720 443 1752 tollat
472 1729 492 1752 a
516 1719 667 1760 posteris,

298 1769 344 1803 Et
370 1768 541 1801 descendit

346 1826 407 1859 per
430 1820 473 1858 te,
502 1825 584 1858 quae
610 1817 729 1849 diceris

394 1866 492 1899 Iacob
518 1865 618 1899 scala.

298 1974 380 2012 Ave,
409 1974 510 2017 virgo,

347 2023 481 2057 lucerna
505 2023 648 2064 Domini,

295 2072 360 2105 Suo
386 2072 515 2111 pridem

347 2121 455 2153 dicata
480 2121 611 2165 nomini,

294 2169 437 2210 Lampas
463 2172 541 2210 apta

343 2221 476 2251 nostrae
502 2219 643 2260 caligini,

296 2268 360 2300 Per
386 2276 481 2308 quam
509 2268 676 2308 dragmam

345 2316 453 2348 datam
482 2316 662 2348 discrimini

297 2365 479 2399 Renovavit

346 2413 515 2446 remittens
541 2413 664 2446 homini

394 2461 496 2495 Gesta
520 2463 616 2495 mala.

755 120 996 157 —13—

918 220 975 253 io.

916 800 971 832 20.

1004 222 1085 259 Ave,
1114 222 1227 259 mater,

1048 269 1080 301 in
1108 268 1196 300 cuius
1221 268 1343 307 gremio

1002 316 1163 349 Gabrielis

1050 364 1255 405 epithalamio

1002 412 1084 445 Caro
1110 412 1219 452 nupsit

1048 460 1168 492 excelsi
1193 459 1270 501 filio,

999 508 1037 540 In
1064 517 1126 549 quo
1153 517 1234 540 novo

1049 555 1135 588 facto
1160 556 1299 587 solstitio

1000 604 1107 636 Fulsit
1133 604 1271 636 mundus

1050 662 1088 685 ex
1114 652 1291 692 plenilunio

1098 700 1228 733 Ventris
1253 700 1310 733 tui.

999 799 1080 843 Ave7
1108 806 1168 839 per
1196 806 1290 838 quam

1047 847 1135 879 misit
1160 845 1314 878 auxilium

998 896 1069 929 Rex
1096 895 1259 935 virtutum,

1050 945 1115 977 dux
1140 942 1340 985 salutarium,

999 993 1062 1026 Hic
1087 991 1249 1032 sacerdos,

1048 1041 1101 1073 hic
1126 1038 1319 1071 sacrificium

999 1089 1106 1121 Patris
1132 1088 1165 1119 in
1191 1096 1226 1119 sc

1047 1136 1211 1176 complens
1239 1136 1418 1176 cons1lium,

999 1185 1214 1225 semetipsum

1047 1233 1136 1268 dedit
1161 1233 1195 1264 in
1221 1232 1361 1273 pretium

1096 1281 1212 1322 Gregis
1239 1281 1298 1313 sui.

913 1382 967 1415 21.
995 1382 1077 1422 Ave,
1105 1379 1229 1411 cunctis

914 1977 970 2009 22.

1045 1428 1193 1470 praelata
1218 1426 1355 1470 feminis,

998 1478 1124 1511 Nomen
1148 1479 1261 1508 tenens

1045 1525 1159 1559 matris
1186 1528 1219 1557 et
1241 1523 1387 1565 virginis,

998 1576 1100 1615 Quam
1123 1575 1334 1614 praeventam

1050 1625 1133 1657 dono
1161 1621 1341 1655 dulcedinis

1001 1671 1179 1706 Coronavit

1046 1731 1104 1754 rex
1129 1723 1237 1760 magni
1262 1718 1396 1751 nominis

999 1770 1105 1811 Super
1131 1769 1248 1808 caelos,

1047 1818 1133 1852 unde
1157 1825 1222 1849 non
1248 1815 1369 1849 desinis

1093 1866 1161 1901 Nos
1187 1865 1282 1898 tueri.

997 1976 1079 2016 Ave,
1107 1974 1197 2014 virgo

1044 2023 1153 2065 proles
1177 2021 1348 2060 Davidica‚

996 2073 1083 2106 Laus
1109 2071 1222 2109 Israel,

1044 2125 1172 2162 patrum
1199 2128 1274 2159 spes
1299 2117 1405 2159 unica,

997 2171 1065 2204 Iam
1091 2168 1242 2202 habitans

1045 2219 1078 2250 in
1105 2217 1180 2249 aula
1206 2215 1327 2248 caelica

996 2267 1144 2300 Laudum
1171 2265 1265 2298 audis

1047 2316 1088 2348 de
1113 2314 1212 2346 caelis
1238 2313 1374 2354 cantica,

998 2365 1035 2397 In
1062 2372 1156 2405 quam
1182 2363 1326 2403 phalanx

1047 2412 1137 2453 cupit
1162 2412 1308 2453 angelica

1095 2460 1229 2494 Intueri.
