1655 2726
163 216 217 249 16.

161 547 217 580 17.

161 878 214 910 18.

159 1208 215 1241 19.

160 1540 215 1572 20.

156 1871 214 1904 21.

155 2214 212 2247 22.

245 218 329 257 Ave,
358 216 454 248 decus
478 218 635 259 puellare,

246 265 349 298 Stella
374 265 473 297 maris
499 267 621 306 absque
646 275 734 299 mare

248 313 335 346 Caeli
363 312 471 346 ferens
496 314 663 359 luminare,

244 361 350 393 Maris
377 361 441 393 iter
466 362 640 404 singulare,

245 409 309 441 Per
335 410 421 451 quod
448 409 528 442 facit
553 413 753 443 transmeare

293 457 477 499 Legislator
501 459 666 499 populum.

243 547 325 586 Ave,
352 548 442 577 terra
467 546 651 586 benedicta,

241 594 293 627 Ne
317 597 451 627 vocetur
477 594 637 626 derelicta

243 643 346 676 Terra
372 642 492 675 dudum
516 642 700 686 maledicta,

245 693 345 725 Porta
369 694 461 732 patet
484 692 670 732 interdicta,

246 740 298 773 Ex
324 749 385 781 quo
413 740 511 772 cessit
536 749 622 772 mors
650 740 778 774 devicta

293 788 406 822 Crucis
432 788 600 823 beneficio.

241 879 321 917 Ave,
347 877 380 909 in
404 886 467 917 qua
492 875 551 909 sub
577 878 738 908 momento

243 925 349 958 Pallet
372 934 485 958 aurum
513 934 552 958 ex
577 928 721 966 argento,

242 973 354 1006 Satum
381 974 489 1006 celans
514 972 573 1006 sub
600 972 769 1014 fermento,

241 1022 328 1055 Dum
353 1022 468 1055 relicto
494 1021 695 1054 firmamento

243 1070 297 1103 Sol
323 1080 359 1103 se
385 1071 490 1102 carnis
514 1071 702 1103 indumento

290 1120 360 1152 Tuo
384 1119 480 1151 vestit
507 1119 639 1160 gremio.

244 1208 324 1250 Ave,
351 1215 410 1248 per
432 1216 526 1247 quam
545 1207 623 1239 urbs
642 1215 784 1247 superna

241 1256 372 1288 Ventris
398 1254 502 1296 fulget
527 1264 566 1288 ex
591 1256 735 1296 lucerna,

242 1305 281 1337 In
306 1305 385 1346 lege,
413 1313 476 1344 qua
500 1304 698 1344 sempiterna

244 1352 330 1385 Sede
352 1355 491 1393 regnant
514 1355 546 1386 in
573 1356 721 1393 paterna,

241 1402 326 1442 Quos
351 1402 404 1434 lex
429 1401 542 1434 mortis
568 1402 610 1433 ad
634 1400 765 1434 inferna

289 1450 342 1482 Ab
368 1451 499 1491 antiquo
524 1452 679 1483 traxerat.

243 1538 325 1578 Ave,
352 1546 411 1578 per
428 1547 521 1578 quam
539 1537 663 1577 lapsum
684 1546 783 1579 genus

244 1586 362 1628 Surgit,
392 1586 481 1618 dives
507 1585 545 1618 fit
569 1595 697 1627 egenus,

244 1634 366 1667 Venter
390 1636 464 1666 tuus
490 1642 567 1676 ager
591 1635 719 1675 plenus,

240 1683 293 1716 Ex
318 1692 380 1724 quo
405 1684 517 1723 prodit
541 1681 601 1715 flos
618 1693 781 1725 amoenus,

241 1731 306 1764 Sub
333 1740 395 1773 quo
416 1733 527 1772 perdit
548 1732 671 1765 alienus

290 1781 430 1820 Praedo,
457 1782 544 1821 quod
569 1780 743 1815 invaserat.

240 1869 322 1910 Ave,
349 1868 450 1909 virgo,
480 1869 569 1901 cuius
593 1872 708 1909 pectus

240 1918 330 1952 Caeli
355 1918 462 1958 replet
483 1917 691 1959 architectus,

241 1967 291 1999 Ne
317 1967 469 2007 desperet
492 1967 556 1999 iam
578 1967 754 2008 proiectus,

242 2017 322 2050 Cum
342 2017 375 2048 in
402 2015 489 2057 ligno
511 2016 555 2048 sit
580 2018 708 2049 erectus

238 2065 336 2105 Legis
362 2073 507 2105 serpens,
536 2066 571 2097 ut
595 2068 744 2097 senectus

287 2113 474 2146 Renovetur
499 2113 631 2146 saeculi.

238 2211 321 2254 Ave,
348 2210 451 2244 vellus
477 2210 547 2243 Deo
572 2212 695 2255 notum,

240 2260 327 2293 Rore
354 2259 436 2293 caeli
460 2260 595 2294 madens
621 2262 735 2302 totum,

240 2308 297 2341 Nil
315 2308 518 2342 committens
537 2310 651 2341 contra
664 2312 783 2348 votum,

241 2357 376 2391 Nullum
401 2357 508 2390 carnis
528 2366 628 2398 passa
651 2360 783 2401 motum,

239 2407 355 2448 Aquae
379 2407 475 2439 vivae
499 2406 611 2439 hauris
637 2410 749 2448 potum

286 2457 326 2490 In
351 2455 488 2490 salutem
512 2455 636 2497 populi.

863 218 919 252 23.
946 219 1026 262 Ave,
1052 227 1113 260 per
1138 228 1230 259 quam
1259 222 1308 251 est
1332 221 1445 252 renata

859 548 915 580 24.

855 877 912 909 25.

853 1207 909 1239 26.

852 1540 908 1572 27.

853 1871 910 1904 28.

856 2213 913 2245 29.

944 267 1012 299 Pax
1040 275 1108 298 cum
1133 270 1221 308 nato,
1247 268 1337 308 pacis
1363 270 1449 308 nata,

943 315 1026 347 Dum
1053 317 1200 348 terrenus
1225 314 1291 348 fide
1317 317 1393 348 data

944 363 1048 396 Terra
1072 364 1160 396 caelo
1187 367 1338 403 coaptata

942 410 998 443 Fit
1025 412 1171 444 caelestis
1195 412 1339 453 relegata

992 460 1101 492 Veteri
1129 460 1300 494 discordia.

941 547 1024 587 Ave,
1051 555 1111 586 per
1136 556 1230 587 quam
1255 548 1349 587 plebs
1372 548 1484 580 adiuta

941 595 989 626 Te
1013 597 1123 627 tuente
1151 596 1252 628 currit
1277 598 1347 628 tuta

942 643 1012 675 Nec
1035 643 1100 675 iam
1125 643 1221 675 morti
1248 644 1305 675 dat
1330 644 1463 687 tributa,

942 692 1028 724 Rosa
1053 694 1128 723 nata
1156 693 1196 724 de
1222 692 1338 732 cicuta,

943 739 1038 772 Cuius
1064 743 1166 772 morte
1194 740 1369 773 distributa

989 789 1070 822 Sunt
1096 790 1211 821 armati
1236 790 1349 829 spolia.

938 877 1019 916 Ave,
1048 876 1148 917 virgo,
1176 877 1267 917 virga
1292 877 1364 914 zeli,

938 925 1031 957 Viam
1058 925 1205 965 pandens
1230 925 1356 965 Israeli,

937 973 1033 1005 Mons
1060 976 1205 1005 ostensus
1233 972 1373 1015 Danieli,

936 1021 976 1053 In
1003 1030 1065 1062 quo
1092 1022 1247 1063 'templum
1273 1022 1342 1062 regi
1368 1022 1450 1054 caeli

938 1069 994 1101 Fit
1018 1070 1125 1110 legato
1149 1069 1207 1101 sub
1235 1068 1322 1102 fideli

986 1118 1130 1151 Ornante
1155 1118 1325 1157 paraclito.

938 1208 1017 1244 Ave,
1043 1214 1136 1238 sacro
1161 1214 1300 1238 vernans
1327 1204 1415 1249 flatu,

937 1255 1080 1295 Nauius,
1109 1254 1197 1286 cuius
1223 1253 1360 1286 odoratu

936 1304 1074 1337 Tractus
1100 1303 1185 1335 redit
1211 1302 1316 1335 minor
1340 1305 1428 1344 natu,

937 1353 1045 1385 Primo
1069 1354 1158 1384 mota
1182 1350 1242 1383 sub
1267 1354 1361 1383 reatu

938 1400 1153 1434 Confirmatur
1177 1403 1268 1432 ‘terra
1291 1402 1378 1432 statu

984 1449 1162 1482 Libertatis
1187 1448 1326 1481 reddito.

936 1538 1017 1581 Ave,
1045 1537 1129 1569 cella
1154 1538 1246 1577 grata
1270 1536 1350 1579 Deo,

937 1586 1043 1619 Locus
1068 1588 1163 1626 aptus
1190 1585 1329 1628 Elisaeo,

935 1635 981 1669 Ut
1007 1634 1184 1675 restringat
1207 1642 1243 1666 se
1268 1634 1327 1666 sub
1355 1644 1390 1667 eo

937 1684 983 1716 Et
1008 1683 1136 1716 devicto
1162 1682 1339 1716 Philistaeo

937 1733 1054 1765 Pacem
1080 1731 1174 1764 nobis
1201 1741 1270 1763 cum
1298 1735 1431 1772 tropaeo

985 1780 1094 1814 David
1119 1783 1231 1812 noster
1255 1779 1389 1816 referat,

935 1870 1017 1910 Ave,
1045 1868 1142 1908 mitis,
1170 1876 1238 1910 ave,
1268 1868 1333 1909 pia,

935 1919 974 1951 In
1001 1927 1065 1959 qua
1089 1926 1178 1949 mare
1205 1925 1275 1949 cum
1300 1917 1409 1949 Maria

938 1967 1035 2000 Dulci
1061 1969 1155 1998 sonat
1178 1966 1356 2009 harmonia,

939 2017 1141 2056 Praeparata
1166 2014 1236 2056 regi
1259 2014 1323 2057 via,

939 2066 1008 2105 Qua
1036 2063 1076 2098 de
1100 2064 1213 2096 mundi
1237 2063 1410 2103 phantasia

987 2113 1056 2146 Nos
1081 2113 1125 2146 ad
1152 2113 1249 2145 vitam
1274 2111 1461 2147 transferat.

939 2211 1022 2252 Ave,
1049 2212 1144 2252 petra
1168 2208 1353 2250 singularis,

942 2260 1031 2300 Quae
1055 2261 1179 2291 mtacta
1204 2257 1355 2291 salutaris

940 2309 1054 2349 Aquae
1080 2305 1202 2339 fontem
1226 2305 1292 2338 illis
1318 2308 1417 2348 pariS,

941 2357 1027 2396 Quos
1043 2358 1119 2397 post
1131 2364 1260 2389 cursum
1271 2355 1366 2389 huius
1379 2358 1480 2390 maris

942 2404 1138 2439 Sublimabit
1161 2404 1196 2438 in
1220 2405 1399 2446 praeclaris

989 2454 1137 2496 Superna
1159 2453 1342 2496 promissio.

1259 2511 1302 2541 2*
