1655 2726
593 635 620 667 2.
652 635 801 667 Planctus
825 634 863 667 ‹lc
884 635 1034 667 Passione
1054 635 1185 667 Domini.

259 839 267 847 .
295 812 414 854 Regem
429 812 594 845 Christum
612 813 852 856 defflangamus,

292 859 371 893 Eius
397 863 533 894 mortem
559 862 723 902 lugeamus

342 910 479 942 Planctu
505 909 714 952 amarissimo,

293 957 354 997 Qui
377 966 436 990 nos
462 957 525 990 sibi
547 958 805 991 commendamus

294 1005 340 1037 Et
363 1015 424 1046 per
450 1014 576 1038 crucem
599 1006 834 1047 triumphamus

344 1053 449 1087 Corde
473 1053 697 1088 fidentissimo.

261 1175 268 1182 .
295 1149 393 1182 Absit
415 1149 509 1182 nobis
534 1149 667 1191 gloriari

292 1197 360 1229 Aut
384 1206 572 1238 quacunque
595 1206 632 1230 re
657 1197 772 1230 laetari

342 1245 415 1278 Nisi
441 1254 536 1278 cruce
560 1245 700 1286 Domini,

294 1293 371 1326 Sine
397 1303 459 1334 qua
483 1303 575 1326 nemo
601 1293 721 1325 salvari

293 1342 369 1382 Quit
400 1342 432 1373 in
466 1351 580 1382 magno
605 1341 716 1373 mundi
740 1341 834 1383 mari,

341 1390 441 1422 Istam
468 1389 737 1430 contemplemini.

260 1510 267 1518 .
295 1484 443 1526 Quisquis
468 1488 601 1517 mortem
625 1485 710 1526 regis
727 1484 852 1526 plangit

296 1533 341 1566 Et
367 1532 530 1566 doloribus
556 1542 611 1566 cor
634 1533 732 1574 angit,

341 1581 407 1614 Hic
430 1589 562 1613 securus
581 1581 735 1622 moritur,

300 1630 358 1670 Qui
383 1632 420 1662 ut
444 1631 551 1661 turtur
575 1630 695 1662 luctum
716 1629 851 1671 plangit,

298 1678 378 1711 Cum
405 1680 548 1710 extrema
572 1677 650 1710 tuba
675 1678 802 1720 clangit,

341 1726 461 1758 Laetus
485 1725 561 1757 hinc
583 1726 757 1766 egreditur.

260 1847 269 1857 .
294 1822 366 1854 Hoc
391 1823 439 1854 est
463 1822 631 1862 proprium
655 1822 802 1865 Minoris,

295 1869 474 1903 Recordari
498 1870 563 1901 vim
588 1870 718 1913 doloris,

342 1919 442 1959 Quam
467 1926 524 1950 rex
542 1918 689 1952 Christus
704 1917 848 1959 pertulit,

292 1966 338 1999 Et
360 1966 479 1999 sectari
503 1966 573 1999 vias
597 1967 705 2009 moris,

293 2016 378 2055 Quas
403 2014 561 2054 repletum
586 2023 643 2047 vas
669 2014 786 2047 amoris

341 2062 534 2095 Franciscus
559 2063 613 2095 hic
636 2062 756 2096 intulit.

261 2186 267 2193 .
295 2160 384 2200 Opus
410 2162 479 2192 erat
503 2160 565 2193 hoc
587 2160 757 2193 Francisci

296 2208 407 2241 Crucis
434 2208 555 2241 Christi
579 2208 741 2241 reminisci

343 2257 388 2289 Et
412 2257 524 2298 plagas
549 2257 703 2298 recolere,

295 2304 465 2346 Nunquam
491 2305 639 2346 planctus
665 2304 821 2348 oblivisci,

294 2352 359 2385 Sed
383 2354 418 2385 in
444 2362 539 2385 cruce
561 2353 711 2387 revivisci

342 2401 457 2443 Corde,
484 2411 549 2445 ore,
576 2410 683 2443 opere.

867 735 894 770 I.

947 814 981 847 6.
1007 811 1089 845 Cum
1112 812 1289 845 Francisco
1314 812 1520 854 patrizemns,

923 2161 980 2196 10.

1008 860 1138 902 Septem
1163 860 1251 893 horis
1274 862 1466 902 replicemus

1056 910 1224 942 Planctum
1251 909 1416 952 unigeniti,

1007 956 1201 989 Crucifixum
1227 957 1303 989 dum
1328 957 1483 1000 videmus,

1009 1005 1179 1038 Plancium
1187 1014 1337 1046 magnum
1349 1006 1544 1047 geminamus

1055 1054 1151 1094 Quasi
1174 1053 1272 1086 modo
1296 1053 1406 1094 geniti.

968 1175 976 1183 .
1003 1149 1172 1181 Planctum
1197 1150 1304 1182 cordis
1329 1159 1532 1191 peramarum

1007 1197 1155 1230 Prodant
1176 1198 1239 1229 rivi
1263 1198 1471 1230 lacrimarum

1054 1245 1183 1286 Magnis
1210 1254 1281 1277 cum
1307 1246 1468 1287 suspiriis,

1005 1292 1088 1325 Dum
1113 1294 1259 1327 videmus
1277 1296 1343 1326 tam
1359 1295 1542 1335 praclarum

1005 1341 1125 1383 Regem
1149 1341 1279 1382 plenum
1306 1345 1355 1375 tot
1371 1342 1539 1385 plagarum

1054 1390 1232 1431 Tantisque
1256 1390 1451 1432 opprobriis.

973 1511 981 1519 .
1007 1486 1128 1527 Plange
1145 1495 1243 1526 super
1254 1496 1363 1529 regem
1377 1486 1539 1521 Christum

1006 1534 1051 1566 Et
1080 1535 1247 1567 conculces
1264 1536 1418 1569 mundum
1442 1536 1538 1569 istum

1055 1582 1132 1615 Cum
1158 1592 1217 1615 sua
1243 1584 1402 1627 cupidine,

1006 1630 1070 1662 Hic
1083 1632 1269 1675 pertransit,
1284 1633 1343 1665 sed
1355 1632 1409 1665 hic
1421 1637 1538 1677 manet,

1004 1678 1161 1722 Languet,
1186 1680 1304 1721 plorat,
1330 1684 1367 1713 ut
1391 1683 1424 1713 te
1449 1687 1542 1714 sanet

1053 1729 1082 1760 A
1108 1728 1222 1769 culpae
1246 1728 1404 1770 rubigine.

1005 1823 1070 1855 Hic
1100 1825 1132 1857 in
1167 1833 1262 1857 cruce
1286 1829 1362 1858 sunt
1385 1826 1539 1871 thesauri,

1006 1872 1070 1905 Hic
1094 1872 1208 1913 sophia
1228 1882 1326 1914 super
1350 1874 1421 1907 auri

1050 1920 1248 1953 Rutilantem
1274 1924 1424 1964 speciem,

1003 1968 1069 2000 Hic
1093 1972 1168 2002 sunt
1191 1978 1304 2003 sensus
1328 1970 1513 2016 figurarum,

1005 2016 1070 2048 Hic
1099 2017 1192 2057 plebs
1214 2017 1286 2059 figit
1309 2020 1541 2061 prophetarum

1053 2064 1136 2098 Suae
1160 2067 1275 2099 mentis
1301 2069 1414 2101 aciem.

1005 2161 1071 2194 Hic
1097 2162 1172 2195 dum
1195 2164 1319 2204 patitur
1344 2175 1493 2206 soporem

1005 2210 1110 2242 Adam
1137 2212 1229 2255 alter,
1256 2213 1296 2246 ob
1323 2223 1464 2247 amorem

1054 2258 1151 2292 Suum
1176 2259 1214 2294 fit
1239 2262 1280 2294 de
1302 2263 1407 2295 latere

1005 2304 1140 2352 Sponsa,
1176 2318 1269 2351 quam
1296 2311 1344 2343 sic
1366 2311 1540 2357 adamavit,

1008 2355 1108 2394 Quam
1135 2367 1191 2391 suo
1218 2367 1332 2392 cruore
1355 2360 1438 2392 lavit

1054 2404 1142 2438 Fuso
1169 2407 1255 2439 dulci
1281 2409 1424 2443 vulnere.
