1655 2726
789 142 1050 178 -178—

805 240 1025 274 LXXXVIII.

258 323 336 355 886.
351 320 594 353 Misericordias
621 319 737 350 multas

350 368 455 407 Far1s,
482 370 595 409 mater,
623 365 805 398 hominibus

350 415 395 448 Et
419 424 517 456 super
541 415 632 446 bonis
659 414 800 445 exsultas

350 463 512 495 Fidelium
538 461 699 502 operibus.

257 541 338 573 887.
355 538 513 579 Operibus
538 538 715 579 magnificis

355 587 505 629 Tuarwm,
532 587 633 626 virgo,
661 594 821 626 manuum,

352 634 473 674 Quibus
499 634 641 666 homines
667 632 809 674 perficis,

353 682 469 726 Decus,
496 683 566 714 laus
591 682 625 713 in
651 684 853 722 perpetuum.

261 760 341 793 888.
357 759 551 798 Perpetuum
576 760 802 790 testamentum

353 807 447 839 Pacis
474 810 506 838 et
529 806 752 847 indulgentiae

352 854 546 887 Hominibus
572 855 605 886 in
631 857 834 895 augmentum

353 902 485 944 Statuis,
514 907 617 934 mater
642 903 774 944 gloriae.

251 981 330 1014 889.
347 980 478 1012 Gloriae
510 989 638 1020 compos
665 980 794 1012 divinae

350 1029 542 1068 Praeposita
566 1029 610 1060 sis
636 1031 820 1060 sanctorum

346 1076 549 1117 Dominaque
574 1077 645 1108 sine
666 1075 731 1108 fine

347 1125 479 1164 Terrae,
509 1125 671 1165 marisque
694 1124 857 1164 polorum.

252 1203 330 1235 890.
355 1201 505 1234 Polorum
532 1201 643 1234 reddis
668 1201 799 1232 sedibus

355 1249 511 1282 Homines
536 1248 639 1281 factos
664 1249 812 1290 humiles,

356 1299 418 1330 Pro
446 1298 584 1338 repulsis
609 1296 787 1337 spiritibus,

357 1345 516 1385 Superbia
541 1346 681 1379 inutiles

263 1423 342 1456 891.
357 1422 493 1455 Inutiles
518 1431 576 1454 nos
603 1430 739 1463 eramus,

355 1471 548 1513 Antequam,
576 1470 676 1511 virgo,
703 1477 846 1510 pareres,

356 1518 420 1550 Sed
445 1522 521 1559 post
542 1521 670 1559 partum
697 1518 892 1558 respiramus

357 1565 475 1598 Effecti
501 1567 620 1600 Christi
644 1574 807 1606 proceres.

259 1645 338 1678 892.
353 1643 509 1675 Proceres
534 1643 581 1675 tui
607 1643 742 1675 heredes

351 1691 436 1723 Vere
461 1695 536 1723 sunt
559 1691 737 1723 beatissimi

353 1738 585 1780 Humanaeque
608 1742 695 1770 metu
722 1738 829 1771 caedis

354 1787 467 1820 Mente
491 1797 555 1819 non
580 1788 690 1820 valent
716 1787 825 1820 adimi.

264 1865 345 1899 893.
359 1864 472 1897 Adimi
496 1873 567 1897 meo
593 1865 709 1904 spiritu

357 1912 430 1945 Non
456 1913 580 1945 valeam
606 1914 639 1944 in
664 1912 763 1952 obitu,

356 1962 387 1993 A
411 1962 506 2003 malo,
532 1964 647 2000 mater,
672 1961 789 2001 spiritu

356 2010 425 2042 Tuo
451 2010 558 2042 salves
582 2009 710 2042 intuitu.

261 2089 340 2122 894.
355 2087 416 2119 Tui
440 2089 495 2119 tuo
521 2087 695 2119 astiterunt

357 2136 447 2167 Almi
473 2135 591 2168 fratres
618 2134 730 2177 obitui,

357 2185 442 2224 Quos
469 2187 501 2216 et
524 2184 625 2215 nubes
651 2184 829 2214 attulerunt.

356 2232 502 2272 Repente
525 2234 601 2267 tuae
627 2231 745 2264 domui.

264 2310 344 2344 895.
359 2309 477 2342 Domui
502 2312 577 2341 tuae
599 2309 738 2350 proximi

355 2358 507 2398 Apostoli
533 2361 619 2400 tunc,
645 2357 762 2397 Maria,

357 2406 508 2439 Miraculi
533 2410 599 2439 tam
623 2406 755 2438 maximi

358 2454 561 2488 Mirabantur
586 2455 677 2496 signa
700 2454 765 2495 pia.

947 315 1101 350 896.Pia
1125 324 1199 347 mox
1226 315 1397 348 devotione

1040 363 1091 395 Ac
1117 364 1202 395 omni
1228 361 1412 395 reverentia

1040 410 1221 450 Exsequias
1246 409 1360 441 matris
1388 408 1493 440 bonae

1043 459 1237 497 Peragentes
1263 466 1335 489 cum
1360 456 1475 496 gloria.

948 535 1027 568 897.
1045 534 1124 567 Cum
1149 534 1256 575 gloria
1278 542 1341 565 non
1369 532 1498 564 modica

1043 582 1089 614 Et
1114 582 1220 623 angeli
1247 582 1495 622 descenderunt,

1046 629 1106 669 Qui
1130 629 1190 662 tibi
1216 630 1349 662 laudum
1376 629 1511 672 cantica,

1044 678 1068 711 Ο
1095 678 1214 719 Maria,
1243 678 1462 710 concinerunt.

949 757 1028 790 898.
1048 755 1241 788 Cecinerunt
1267 758 1297 787 et
1323 755 1431 788 omnia

1043 803 1183 844 Agmina,
1207 804 1268 836 tibi
1292 807 1475 836 sanctorum

1043 852 1188 884 Laudem
1222 853 1355 884 multam
1384 861 1455 883 cum
1481 851 1587 892 gloria

1043 900 1117 933 Una
1143 909 1215 934 cum
1240 910 1317 942 rege
1343 910 1463 934 eorum.

948 978 1165 1013 899.Eorum
1191 988 1249 1011 rex
1276 978 1336 1010 tibi
1363 978 1455 1011 dedit

1044 1027 1221 1059 Primatum
1246 1027 1280 1059 in
1306 1026 1510 1067 caelestibus,

1045 1075 1112 1114 Quo
1138 1078 1171 1107 te
1195 1074 1277 1107 fides
1302 1078 1415 1108 nostra
1442 1075 1546 1107 credit

1046 1123 1148 1156 Orare
1172 1133 1232 1164 pro
1259 1122 1419 1155 fidelibus.

950 1202 1030 1234 900.
1044 1200 1215 1233 Fidelibus
1240 1201 1454 1242 migrantibus

1045 1248 1159 1281 Statim
1186 1252 1297 1281 assunt
1324 1249 1502 1289 daemonia,

1044 1297 1092 1330 Ut
1118 1297 1158 1329 de
1183 1299 1249 1330 suis
1277 1297 1457 1331 defectibus

1044 1345 1113 1378 Hos
1140 1349 1291 1378 accusent
1316 1355 1376 1387 per
1401 1348 1520 1381 omnia.

951 1425 1031 1457 901.
1046 1423 1160 1456 Omnia
1185 1433 1261 1456 vero
1285 1425 1476 1468 linquentes,

1046 1472 1134 1511 Quae
1159 1474 1201 1505 ad
1227 1476 1260 1504 te
1284 1474 1521 1516 pertinuerunt,

1047 1520 1093 1552 Te
1121 1520 1277 1553 viventem
1304 1522 1369 1554 iam
1394 1527 1551 1563 paventes

1047 1568 1091 1600 Et
1113 1570 1306 1610 migrantem
1332 1570 1522 1611 effugerunt.

952 1647 1032 1679 902.
1047 1646 1153 1678 Erunt
1176 1656 1251 1687 ergo
1277 1650 1354 1680 tuae
1379 1649 1493 1681 laudes

1045 1694 1084 1726 In
1110 1695 1233 1727 cunctis
1258 1696 1454 1737 regionibus,

1045 1742 1162 1782 Maria,
1190 1753 1271 1784 quae
1296 1743 1388 1785 fugas
1413 1744 1548 1779 fraudes

1045 1790 1245 1823 Daemonum
1271 1802 1292 1824 a
1315 1792 1476 1827 fidelibus.

953 1868 1033 1901 903.
1050 1868 1217 1901 Fidelibus
1242 1879 1430 1904 succurrere

1049 1915 1152 1956 Saepe
1176 1918 1261 1950 soles
1285 1919 1318 1951 in
1344 1920 1444 1960 obitu,

1045 1964 1111 2007 Me,
1137 1965 1255 2009 Maria,
1282 1968 1317 1999 in
1342 1977 1479 2009 vespere

1047 2012 1115 2045 Tuo
1142 2015 1247 2047 salves
1273 2016 1402 2052 intuitu.

954 2090 1033 2122 904.
1044 2090 1172 2123 intuitu
1197 2093 1326 2132 quidem
1352 2098 1406 2127 tuo

1048 2137 1122 2169 Non
1146 2140 1301 2180 peribunt
1323 2143 1489 2189 illustrati,

1048 2186 1142 2218 Licet
1165 2198 1225 2229 pro
1251 2194 1344 2223 reatu
1369 2201 1426 2225 suo

1047 2234 1155 2276 Virgis
1180 2238 1244 2271 Dei
1269 2239 1334 2271 sint
1358 2241 1492 2282 plagati.

954 2312 1035 2344 905.
1050 2312 1176 2354 Plagati
1202 2319 1426 2357 temporaliter

1046 2360 1091 2393 Et
1115 2362 1211 2396 aliter
1235 2366 1276 2398 ab
1303 2366 1432 2400 homine

1047 2410 1110 2442 Per
1135 2411 1275 2446 Mariam
1299 2417 1488 2455 perenniter

1048 2457 1147 2491 Salva
1170 2462 1319 2505 animam,
1346 2464 1495 2499 Domine.
