1655 2726
466 213 584 254 Moysi.

238 284 267 316 6.
280 282 413 321 Audite,
442 281 532 320 caeli,
561 288 642 322 quae
668 281 750 321 dico,

284 330 496 362 Praedicetur
521 328 605 361 omni
631 329 703 361 vico

331 377 392 410 Dei
417 376 664 418 magnificentia,

285 427 334 459 Sit
358 426 428 458 laus
455 426 520 457 eius
543 426 576 457 in
601 423 742 465 publico,

283 474 362 506 Tam
389 474 422 506 in
446 478 553 505 terrae
576 472 728 504 umbilico

332 524 430 561 Quam
457 522 489 553 in
517 519 793 560 circumferentia3

286 570 363 601 Viae
389 569 456 601 eius
480 569 602 601 iudicia

284 617 397 658 Aequa
420 619 513 649 lance
537 617 691 649 librantia

334 665 410 697 Sine
435 673 622 706 quocunque
646 665 786 704 obliquo,

286 712 347 745 Sed
376 722 452 753 gens
478 713 547 745 sine
572 712 745 753 prudentia

284 760 330 793 Et
354 770 416 793 non
444 761 563 793 habens
590 761 726 792 consilia

334 809 404 841 Hoc
428 809 568 850 neglegit
595 808 634 840 ab
662 808 802 847 antiquo

312 886 485 926 Augustini
512 890 544 918 et
568 886 630 918 Am
636 885 744 918 brosii.

264 944 332 976 .Te
356 944 460 976 Deum
484 947 609 983 patrem
635 943 804 975 laudamus

287 990 545 1031 confitentesque
570 991 759 1023 clamamus:

334 1039 408 1072 Tibi
430 1039 473 1071 sit
499 1039 567 1071 laus
593 1042 626 1070 et
649 1040 761 1080 gloria,

285 1087 333 1119 Te
355 1086 456 1119 filium
481 1087 666 1119 invocamus

288 1134 443 1175 Spiritum
471 1137 504 1166 et
525 1135 744 1175 imploramus,

334 1183 426 1215 Assis
451 1182 543 1214 nobis
570 1191 640 1214 cum
665 1182 779 1224 gratia,

289 1231 336 1263 Te
360 1239 456 1262 unum
480 1230 513 1261 in
541 1231 689 1270 essentia,

288 1279 394 1312 Unum
421 1282 453 1310 et
476 1278 508 1309 in
534 1279 680 1318 potentia

337 1326 462 1358 Devote
486 1324 738 1366 magnificamus,

290 1374 433 1407 Terrena
458 1377 488 1405 et
515 1374 664 1405 caelestia

288 1422 465 1462 Regentem
491 1422 649 1462 sapientia

336 1470 482 1502 Humiles
509 1472 541 1500 et
565 1470 744 1501 adoramus.

372 1547 483 1579 Trium
508 1555 689 1586 puerorum.

268 1635 271 1639 .
294 1604 481 1638 Benedicite
504 1604 610 1636 omnia

293 1654 398 1694 Opera
423 1652 601 1685 laudabilia

338 1702 407 1733 Deo
434 1703 543 1732 nostro
570 1702 602 1731 et
624 1699 765 1741 laudate,

293 1749 410 1790 Angeli
437 1753 469 1780 et
493 1747 652 1788 caelestia,

294 1797 404 1836 Aeria,
431 1796 609 1837 terrestria,

339 1845 444 1878 Ferae
470 1847 503 1875 et
526 1853 601 1876 aves
626 1845 795 1884 pennatae,

295 1894 349 1927 Sol
375 1895 407 1925 et
430 1894 517 1932 luna,
544 1901 595 1924 res
622 1895 749 1924 creatae

295 1945 454 1984 Quaeque,
482 1950 590 1973 omnes
617 1940 810 1980 disparatae,

343 1991 405 2023 Per
428 1988 674 2021 innumerabilia

293 2039 433 2072 Nomina
459 2037 652 2078 intitulatae,

289 2088 398 2128 Ipsum
425 2085 677 2126 superexaltate,

342 2136 410 2175 Ipsi
435 2135 538 2166 honor
563 2135 596 2165 et
620 2133 731 2174 gloria.

445 2211 528 2244 zach
533 2211 630 2244 ariae.

249 2273 279 2305 9.
293 2271 490 2304 Benedictus
514 2269 558 2302 sit
581 2267 718 2302 omnium

295 2320 378 2359 Rex,
404 2318 590 2359 redemptor
615 2315 769 2357 fidelium,

343 2367 411 2400 Nos
433 2366 615 2408 gubernans
631 2375 691 2406 per
709 2365 855 2405 gratiam,

296 2417 354 2456 Qui
380 2416 493 2448 salutis
519 2414 704 2455 mysterium

295 2464 477 2504 Disponens
502 2463 716 2496 necessarium

856 113 925 149 126

906 626 960 659 10.

906 1278 961 1310 11.

914 1930 968 1962 12.

1021 212 1171 245 Mediare
1195 218 1254 251 per
1278 207 1416 240 Mariam

972 261 1025 294 Ad
1051 259 1228 301 parandam
1254 265 1344 289 suam
1366 255 1452 287 via-m

974 308 1146 342 Praemisit
1170 307 1241 348 plus
1267 314 1360 346 quam
1385 302 1492 335 Eliam

1023 357 1207 396 Iohannem,
1234 362 1324 387 suum
1350 350 1505 391 nuntium,

972 405 1015 439 Et
1041 405 1081 437 ad
1111 404 1249 437 dandam
1274 400 1440 434 scientiam

975 453 1103 487 Peccati
1130 451 1347 484 remissoriam

1021 501 1120 534 Dedit
1146 501 1178 532 in
1205 498 1430 531 testimonium.

1064 568 1191 600 Mariae
1216 565 1369 606 Virginis.

973 623 1172 666 Magnificat,
1201 621 1266 655 fert
1290 622 1428 655 maxima

976 673 1177 714 Magnarum,
1201 680 1273 703 mea
1296 671 1402 703 anima

1024 721 1206 759 Dominum,
1235 728 1338 751 meum
1364 717 1475 758 filium,

977 769 1058 809 Quia
1083 766 1130 800 fui
1155 767 1342 808 humillima,

976 816 1027 849 Ex
1053 816 1112 847 hoc
1136 816 1198 848 iam
1226 814 1411 847 beatissima

1022 864 1090 897 Ero
1114 865 1148 896 in
1174 873 1229 895 ore
1253 863 1410 902 omnium3

975 913 1094 953 Magna
1119 911 1207 952 fecit,
1234 920 1303 943 cum
1329 910 1482 951 gremium

974 960 1083 993 Meum
1111 968 1170 1000 per
1196 960 1337 991 clausum
1363 958 1479 991 ostium

1024 1010 1154 1041 Intrans
1179 1016 1280 1048 usque
1305 1008 1346 1040 ad
1373 1006 1487 1039 intima

975 1056 1159 1096 Praeelegit„
1180 1055 1214 1087 in
1241 1055 1366 1097 solium,

977 1104 1022 1137 Ut
1047 1113 1117 1135 eum
1142 1103 1313 1135 redderem
1339 1103 1427 1144 pium

1023 1153 1149 1192 Agnum
1174 1160 1234 1191 pro
1259 1151 1370 1183 mundi
1393 1151 1537 1184 victima,

1139 1218 1306 1250 Simeonis.

976 1276 1070 1308 Nune
1096 1276 1231 1309 dimittis
1257 1276 1436 1308 Simeonem

976 1325 1040 1358 Per
1064 1324 1361 1363 interpretationem

1025 1373 1064 1404 ln
1090 1380 1179 1413 pace,
1207 1373 1257 1403 eui
1281 1375 1316 1403 tu
1346 1373 1489 1413 dignaris

978 1421 1064 1453 Dare
1089 1419 1341 1453 benedictionem

978 1470 1084 1508 Atque
1109 1468 1356 1500 consolationem

1024 1516 1085 1547 Tui
1110 1515 1188 1548 facti
1214 1516 1384 1556 salutaris3

977 1565 1064 1605 Ergo
1090 1573 1175 1596 nunc
1200 1565 1383 1598 miserearis

979 1612 1081 1644 Nobis
1108 1615 1204 1652 atque
1228 1612 1377 1653 largiaris

1026 1660 1122 1692 Lucis
1149 1661 1378 1694 revelationem

978 1709 1029 1741 Ac
1052 1717 1110 1741 nos
1136 1713 1207 1741 tuos
1234 1710 1353 1742 tuearis

980 1757 1042 1790 Per
1068 1758 1191 1796 gratiae
1215 1757 1387 1799 singularis

1030 1805 1203 1846 Benignam
1230 1806 1446 1846 largitionem.

1138 1873 1319 1907 Athanasii.

985 1930 1169 1971 Quicunque
1194 1932 1271 1971 vult,
1299 1936 1333 1964 ut
1360 1936 1517 1977 congruit,

983 1978 1096 2011 Salvus
1122 1987 1202 2018 esse,
1228 1989 1263 2012 se
1287 1982 1410 2023 statuit,

1031 2027 1076 2060 Ut
1090 2027 1211 2068 credat,
1233 2028 1318 2068 quod
1335 2033 1546 2077 praecipitur,

984 2075 1086 2107 Deum
1112 2076 1202 2108 timet
1230 2081 1263 2108 et
1287 2079 1402 2111 metuit

984 2125 1092 2163 Atque
1116 2122 1224 2157 facere
1243 2128 1352 2159 renuit

1039 2171 1131 2212 illud,
1157 2181 1216 2212 per
1241 2176 1326 2215 quod
1353 2175 1545 2220 offenditur,

985 2220 1102 2252 Trinus
1129 2224 1159 2252 et
1183 2231 1264 2254 unus
1292 2224 1411 2257 dicitur

984 2268 1073 2300 Idem
1099 2269 1170 2310 ipse
1194 2275 1226 2304 et
1252 2272 1405 2312 creditur,

1035 2316 1089 2349 Sic
1114 2326 1240 2359 semper
1264 2319 1327 2352 erit
1350 2322 1383 2351 et
1406 2318 1478 2361 fuit,

987 2365 1079 2404 Quod
1104 2375 1162 2406 per
1188 2368 1286 2407 alpha
1312 2371 1344 2401 et
1369 2377 1387 2400 o
1413 2369 1525 2410 scitur,

986 2414 1033 2448 Ut
1057 2414 1092 2446 in
1116 2414 1233 2455 pagina
1260 2417 1424 2458 scribitur,

1037 2461 1072 2494 Si
1095 2472 1235 2503 unquam
1259 2474 1333 2498 reus
1361 2463 1472 2498 valuit.
