1655 2726
681 131 720 136 —
776 108 844 146 125
901 130 942 135 —-

212 205 364 239 Exsultet
389 206 465 240 Sion
492 207 560 240 filia

214 254 252 286 In
280 256 377 288 choro
402 264 471 288 eum
498 257 693 298 symphonia

263 303 390 336 Tenens
416 312 569 345 organum
595 306 762 345 musicum,

217 351 379 384 Psalmum
407 351 495 386 dicat
521 360 591 385 cum
616 353 721 395 gloria

214 399 397 432 Buccinans
423 400 455 432 in
480 400 607 433 laetitia

261 448 307 481 Et
333 448 442 481 exiens
466 450 500 481 in
523 449 699 490 publicum.

146 517 201 549 50.
218 516 365 549 Laudate
390 516 423 548 in
451 515 625 549 virtutibus

216 564 344 597 Sanctis
371 566 493 597 vocatis
519 566 665 598 omnibus

265 612 380 654 Deum,
408 618 552 647 nostrum
581 616 769 653 creatorem,

911 208 1026 241 Nablis
1049 206 1320 241 benesonantibus

910 257 955 290 Et
979 256 1202 290 instrumentis
1229 253 1374 288 dulcibus

958 305 1142 338 Laudemus
1169 308 1201 336 et
1219 303 1468 343 redemptorem,

912 353 1094 386 Laudemus
1122 356 1153 385 et
1179 354 1393 393 protectorem

910 401 1064 434 Nostrum
1093 403 1125 434 et
1147 401 1394 443 gubernatorem

961 449 1091 482 Cunctis
1117 449 1199 482 votis
1226 451 1258 480 et
1283 447 1424 490 vocibus,

912 498 1098 530 Adorantes
1124 497 1329 537 salvatorem,

910 546 970 587 Qui
994 547 1035 578 ad
1061 546 1167 578 locum
1191 545 1342 577 tutiorem

963 594 1030 626 Nos
1047 594 1208 635 perducat
1224 602 1293 624 cum
1311 591 1473 624 laudibus.

715 690 906 725 Cantica.

405 758 521 792 Isaiae.

171 825 201 859 1.
219 825 403 858 Confitebor
429 825 498 866 tibi,
526 826 601 867 quia

219 873 312 907 Salus
337 874 450 907 mundi
476 877 509 907 et
534 874 625 906 venia

265 921 316 955 De
341 921 432 955 fonte
457 925 511 954 tuo
536 921 694 963 hauritur,

218 971 300 1010 Quia
326 974 358 1001 et
381 970 579 1003 abundantia

219 1018 406 1051 Gratiarum
434 1022 466 1049 et
491 1018 586 1059 copia

264 1066 399 1108 Semper
424 1067 458 1098 in
484 1070 518 1098 te
542 1066 721 1106 reperitur3

220 1115 274 1147 Ad
300 1123 523 1156 quameunque
547 1118 674 1154 partem
700 1114 775 1156 itur,

217 1163 280 1195 Tui
304 1163 411 1196 nullus
437 1163 526 1195 locus
553 1164 655 1195 scitur

267 1210 388 1244 Carens
410 1211 645 1252 misericordia,

219 1261 322 1301 Intus,
352 1262 446 1293 extra
469 1260 642 1302 invenitur,

221 1308 287 1342 Sub
315 1313 347 1340 et
372 1318 472 1350 supra
496 1308 661 1342 stabilitur

266 1357 413 1390 Dulcedo
440 1360 472 1389 et
498 1357 676 1390 clementia.

378 1439 547 1473 Ezechiae.

176 1511 208 1543 2.
223 1507 293 1549 Ego
319 1507 406 1541 dixi:
433 1507 604 1549 gemitibus

220 1557 288 1589 lam
317 1557 419 1589 debeo
445 1558 477 1587 et
501 1554 630 1588 fletibus

271 1605 411 1644 Tempus
437 1613 543 1636 meum
569 1604 762 1647 expendere,

223 1653 306 1687 Nam
334 1654 454 1686 vivitur
477 1654 511 1685 in
538 1653 655 1686 talibus

225 1703 302 1735 Plus
320 1710 423 1743 ,quam
447 1701 482 1733 in
504 1701 713 1742 vanitatibus,

270 1751 391 1792 Quibus
416 1750 480 1782 scit
503 1759 590 1782 mors
606 1758 643 1782 se
659 1752 786 1791 tegere3

224 1801 294 1833 Iam
318 1800 352 1832 in
378 1808 449 1831 meo
474 1808 544 1831 sum
569 1807 716 1840 vespere,

222 1850 291 1891 Quo
316 1851 445 1889 oportet
469 1847 637 1880 succidere

273 1897 380 1930 Vitam
403 1897 508 1937 ruptis
534 1896 713 1937 ordinibus,

222 1945 317 1986 Nam,
347 1954 416 1978 cum
445 1945 541 1978 debui
566 1950 677 1978 texere

223 1996 310 2038 Opus
340 1995 518 2034 bonumque
544 1993 661 2033 facere,

272 2045 379 2085 Vagus
405 2041 452 2075 fui
477 2043 510 2075 in
536 2042 693 2075 omnibus

242 2126 358 2160 Annae
383 2125 497 2158 matris
523 2124 692 2158 Samuelis.

175 2198 208 2232 3.
223 2195 411 2229 Exsultavit
436 2193 524 2228 facta
550 2194 622 2227 vilis

218 2245 339 2277 Anima
364 2253 436 2276 mea
460 2242 582 2276 sterilis

269 2293 321 2326 Ex
347 2296 415 2326 toto
441 2301 476 2325 se
500 2292 681 2333 neglegere,

224 2343 318 2376 Prius
344 2341 407 2375 fuit
430 2340 584 2381 volatilis,

221 2392 302 2425 Alta
326 2393 440 2431 petens
468 2392 500 2422 et
525 2389 619 2431 agilis

267 2440 314 2473 Et
338 2448 496 2482 suspensa
517 2441 550 2473 in
577 2447 671 2480 aere3

914 757 1009 790 Nune
1033 757 1140 796 posita
1162 756 1195 788 in
1221 756 1365 799 pulvere,

912 805 996 838 Luto
1021 804 1122 837 faecis
1147 806 1180 837 et
1205 804 1322 847 cinere,

962 854 1088 893 Pauper
1114 856 1147 884 et
1168 852 1370 895 miserabilis,

917 902 1021 941 Caput
1045 901 1157 942 nequit
1182 900 1305 941 erigere

914 951 980 982 Aut
1006 950 1143 990 seipsam
1172 952 1323 982 excutere

960 998 1115 1030 Iumentis
1141 996 1229 1029 facta
1253 995 1378 1029 similis.

1008 1102 1165 1135 Filiorum
1186 1103 1304 1135 lsrael.

865 1183 897 1214 4.
913 1181 1085 1214 Cantemus
1111 1180 1205 1212 ambo
1227 1180 1319 1220 ligati

913 1229 980 1262 Uni
1004 1231 1136 1261 sanetae
1159 1227 1310 1270 trinitati,

963 1277 1088 1317 Corpus
1113 1286 1218 1309 meum
1244 1279 1278 1308 et
1302 1276 1447 1317 spiritus,

914 1326 967 1360 Ab
993 1328 1144 1367 Aegypto
1168 1325 1299 1357 liberati

914 1374 959 1408 Et
983 1374 1023 1407 ab
1050 1374 1142 1406 hoste
1169 1373 1345 1415 exemptati

962 1422 1077 1455 Sumus
1103 1430 1163 1463 per
1189 1430 1257 1454 eum
1285 1423 1433 1463 penitus;

917 1471 991 1514 Sed,
1020 1471 1047 1503 si
1073 1480 1137 1503 non
1163 1473 1305 1502 mutetur
1330 1469 1410 1502 ritus

915 1519 1059 1553 Dominii
1086 1522 1118 1551 et
1142 1519 1281 1551 servitus

966 1569 1143 1601 Perversus
1170 1568 1241 1607 lege
1265 1566 1391 1607 peccati

916 1617 969 1660 Et,
998 1617 1083 1657 quod
1110 1616 1220 1648 volens
1247 1615 1298 1647 vel
1323 1615 1452 1658 invitus,

918 1666 978 1706 Qui
1004 1663 1155 1706 praefuit,
1183 1664 1226 1696 sit
1252 1663 1411 1703 subditus,

966 1713 1067 1746 Retro
1093 1722 1201 1745 sumus
1226 1711 1365 1753 religati.

1083 1819 1247 1853 Habacuc.

872 1898 1067 1939 5.Domine,
1093 1897 1205 1930 audivi
1230 1897 1310 1937 legis

919 1947 1008 1980 Tuae
1032 1947 1199 1987 mandata,
1226 1955 1289 1987 qua
1315 1945 1399 1985 regis

970 1996 1041 2029 Hoc
1065 1995 1238 2038 saeculum,
1268 1998 1300 2026 et
1324 1993 1426 2036 timui,

917 2045 999 2079 Eam
1026 2053 1154 2085 semper
1178 2043 1256 2076 mihi
1283 2043 1363 2084 legis

919 2092 1095 2127 Manifeste
1121 2096 1153 2125 et
1179 2091 1313 2133 detegis,

968 2142 1020 2175 Ne
1044 2142 1172 2174 tradam
1200 2141 1283 2173 hanc
1309 2138 1487 2181 neglectui;

922 2191 1010 2225 Deus
1030 2199 1130 2232 meus,
1160 2190 1187 2222 si
1212 2189 1303 2230 potui

920 2240 1016 2273 Hanc
1040 2247 1173 2273 servare
1201 2247 1262 2270 nec
1286 2237 1375 2271 volui

970 2287 1216 2329 Parvipendens
1241 2287 1330 2319 iussa
1355 2286 1451 2328 regis,

917 2338 1064 2371 Extenso
1091 2345 1190 2378 parce
1215 2336 1315 2379 arcui,

922 2386 1097 2428 Sagittanti
1120 2389 1152 2417 et
1166 2385 1258 2427 ictui,

972 2434 1023 2469 Ne
1037 2444 1089 2467 me
1105 2434 1248 2476 laedant,
1267 2442 1356 2468 ovem
1372 2434 1490 2476 gregis.
