1655 2726
778 143 823 148 -
874 123 1012 158 64-

258 222 314 255 43.
342 220 465 264 Gaude,
491 222 590 264 virgo,
612 221 698 253 cuius
714 230 869 261 nusquam

336 269 409 301 Dux
435 279 497 302 non
517 268 588 308 fuit,
613 269 666 308 qui
684 269 868 308 priusquam

384 318 510 350 Montes
537 320 653 358 essent,
680 317 814 357 exstitit,

335 365 395 405 Qui
419 364 570 397 formavit
594 365 702 396 orbem
728 366 835 396 terrac

336 413 378 445 Et
406 412 575 445 formatum
603 411 810 444 circumferre

384 461 469 494 Cura
492 469 653 500 nunquam
680 459 813 492 destitit.

254 539 310 572 44.
338 538 460 578 Gaude,
486 541 601 577 mater,
628 547 648 569 a
671 546 733 577 qua
757 537 852 576 longe

334 586 449 618 Omnes
475 585 561 625 mali,
587 593 645 616 nos
671 585 809 625 adiunge

382 633 543 665 Bonorum
569 633 739 674 consortio,

333 682 393 721 Qui
417 682 537 713 habere
560 680 663 712 Deum
690 680 769 712 caeli

333 730 550 762 Protectorem
578 729 619 760 de
642 728 733 761 fideli

379 778 547 810 Merentur
571 776 732 817 obsequio.

250 855 306 887 45.
335 853 457 895 Gaude,
483 854 573 894 virgo
601 853 774 886 confitendi

331 902 401 934 Deo
425 911 554 943 semper
578 904 610 933 et
635 901 797 943 psallendi

380 949 549 993 Singulare
574 952 737 990 specimen

331 998 378 1030 Et
403 999 570 1038 exemplar
592 998 662 1031 sine
686 998 768 1041 pari,

332 1046 472 1086 Dignum
500 1047 595 1087 digne
619 1046 802 1079 conservari

380 1095 443 1127 Per
469 1095 611 1127 divinum
637 1095 789 1135 regimen.

251 1173 308 1205 46.
336 1171 459 1212 Gaude,
487 1175 517 1203 et
542 1170 629 1203 hunc
653 1181 712 1212 pro
729 1180 781 1203 me
798 1181 863 1216 ora,

334 1219 394 1259 Qui
418 1220 453 1251 in
478 1220 563 1251 omni
586 1228 740 1259 praesens
765 1220 845 1251 hora

384 1265 515 1300 Cunctis
541 1269 652 1301 mundi
674 1267 818 1300 terminis

335 1316 377 1348 Se
401 1316 584 1356 praecinxit
606 1316 640 1348 in
667 1316 783 1348 decore

332 1363 386 1395 Ad
412 1364 609 1404 regnandum
636 1374 706 1396 cum
732 1363 842 1405 vigore

382 1411 529 1444 Summae
550 1411 760 1445 fortitudinis.

251 1489 306 1521 47.
334 1486 457 1530 Gaude,
485 1489 535 1520 cui
560 1491 592 1520 et
614 1488 649 1521 in
675 1489 764 1521 cuius

336 1535 420 1569 Cura
443 1537 554 1568 mundi
580 1535 685 1570 faetor
709 1537 802 1569 huius

379 1584 544 1625 Apparuit
569 1585 706 1628 humilis,

333 1632 371 1664 In
395 1641 459 1665 non
487 1633 655 1673 diligentes
679 1633 797 1665 bonum

334 1680 419 1713 Vere
444 1681 531 1713 Deus
556 1681 712 1714 ultionum

380 1728 425 1761 Et
448 1729 547 1762 iudex
572 1730 738 1762 terribilis.

250 1798 306 1830 48.
335 1795 459 1836 Gaude,
485 1798 596 1839 mater,
623 1797 809 1829 invocantes

333 1844 458 1877 Nomen
483 1847 571 1876 tuum
597 1847 630 1876 et
652 1847 794 1877 amantes

381 1892 459 1926 Tuis
484 1893 586 1925 redde
611 1893 761 1933 precibus

332 1941 370 1973 In
396 1941 513 1981 spiritu
539 1941 718 1974 exultantes

332 1989 441 2029 Atque
465 1989 534 2022 Deo
558 1989 732 2022 iubilantes

378 2038 495 2070 Mundi
522 2037 628 2070 cordis
654 2037 830 2078 plausibus.

941 222 997 254 49.
1026 219 1148 263 Gaude,
1174 221 1277 260 virgo,
1295 229 1356 261 per
1372 222 1404 250 te
1421 217 1560 250 muudus

1022 266 1216 299 Refiorescit
1239 267 1466 305 laetabundus,

1069 316 1158 348 Audi
1183 324 1297 356 preces
1322 314 1516 355 supplicum,

1022 363 1084 403 Da,
1108 372 1149 395 ne
1165 363 1268 395 hostis
1284 373 1343 396 nos
1360 362 1559 402 supplantet,

1023 410 1088 443 Sed
1115 414 1147 442 et
1172 412 1274 443 omnis
1300 415 1391 443 terra
1416 410 1523 441 cantet

1070 458 1197 491 Novum
1222 458 1292 491 Deo
1317 459 1486 491 canticum.

939 536 995 568 50.
1024 534 1147 578 Gaude,
1174 535 1278 576 virgo,
1306 544 1403 576 regno
1429 534 1492 566 Dei

1024 583 1230 615 Clareseente
1251 583 1389 622 plaudat
1415 582 1444 614 ei

1070 632 1179 664 Omnis
1206 635 1296 663 terra
1320 631 1442 673 sedule,

1021 680 1235 720 Propulsetur
1259 678 1362 711 hostis
1389 682 1502 720 taeter,

1020 727 1162 760 Plaudat
1170 729 1298 768 pontus,
1315 728 1428 760 laudet
1437 728 1559 768 aether,

1070 776 1290 809 Collaeteutur
1314 776 1450 808 insulae.

938 852 994 885 51.
1023 851 1146 894 Gaude,
1173 853 1275 895 virgo,
1302 853 1372 886 Deo
1399 856 1502 895 canta,

1020 900 1080 941 Qui
1107 904 1138 933 te
1163 910 1224 941 per
1248 904 1297 933 tot
1321 905 1419 942 atque
1444 905 1535 935 tanta.

1066 949 1197 982 Extulit
1221 951 1392 992 magnalia,

1021 996 1081 1037 Qui
1105 998 1266 1030 hominem
1291 999 1480 1031 redimendo

1020 1045 1064 1077 Et
1090 1056 1109 1078 a
1134 1048 1237 1078 morte
1262 1048 1461 1088 resurgendo

1070 1093 1164 1126 Fecit
1187 1094 1361 1129 mirabilia.

937 1172 994 1204 52.
1024 1171 1147 1215 Gaude,
1175 1180 1304 1213 gregem
1321 1173 1384 1205 Dei
1409 1182 1556 1216 pascens,

1021 1220 1112 1252 Nulli
1136 1221 1261 1252 minans
1287 1222 1339 1254 vel
1364 1222 1520 1263 irascens,

1069 1267 1155 1300 Tuos
1181 1278 1277 1301 serva.
1300 1270 1445 1302 servulos

1020 1316 1065 1348 Et
1090 1317 1234 1359 ancillas,
1263 1326 1341 1357 quas
1368 1319 1424 1351 dat
1451 1318 1512 1351 tibi

1019 1364 1101 1405 Rex,
1129 1365 1183 1406 qui
1207 1374 1341 1406 regnum
1366 1370 1475 1399 servat
1498 1368 1561 1400 sibi

1068 1413 1172 1453 Super
1198 1422 1307 1446 omnes
1332 1416 1482 1455 populos

937 1491 993 1523 53.
1021 1489 1145 1531 Gaude,
1171 1491 1269 1531 mitis,
1298 1502 1414 1533 expers
1439 1493 1520 1534 irae,

1019 1537 1125 1571 Docta
1149 1539 1219 1571 Deo
1244 1539 1410 1573 deservire
1442 1564 1445 1567 -

1068 1586 1203 1628 Semper
1226 1588 1261 1620 in
1286 1589 1422 1633 laetitia,

1019 1634 1071 1666 Ne
1095 1636 1231 1668 moreris
1258 1638 1423 1682 expedire,

1021 1682 1105 1722 Quos
1130 1684 1298 1717 innectunt
1319 1688 1430 1727 anguis
1449 1687 1559 1728 spirae

1069 1731 1231 1772 Spirantis
1256 1734 1378 1769 letalia.

939 1799 994 1831 04.
1021 1798 1144 1839 Gaude,
1166 1809 1294 1841 semper
1310 1803 1397 1836 laeta
1413 1813 1557 1846 manens,

1020 1848 1182 1881 Iudicium
1206 1849 1292 1881 laete
1319 1860 1438 1884 canens

1071 1896 1150 1929 Cum
1174 1898 1407 1943 misericordia,

1020 1943 1111 1988 Regi,
1136 1946 1189 1985 qui
1207 1949 1239 1977 te
1255 1927 1407 1987 praefert,
1420 1952 1556 1996 cunctis,

1021 1991 1112 2025 Vivis
1138 2002 1239 2034 aeque
1262 1998 1299 2028 ut
1325 1996 1497 2041 defunctiS,

1069 2040 1183 2074 Cordis
1206 2042 1400 2082 innocentia,

650 2124 799 2156 Tertia
824 2124 1136 2167 Quinquagena.

274 2194 306 2228 1.
334 2192 457 2234 Gaude,
485 2192 584 2235 virgo,
610 2192 658 2224 tui
682 2201 788 2224 mores

332 2242 396 2275 Pro
414 2251 465 2274 me
483 2241 631 2282 clament,
656 2243 692 2273 ut
709 2241 864 2273 clamores

380 2290 449 2323 Mei
473 2289 542 2322 Deo
567 2289 728 2330 placeant,

333 2339 378 2372 Ut
404 2348 439 2372 se
463 2347 527 2371 non
552 2341 679 2371 avertat
704 2347 724 2372 a
747 2345 807 2381 me,

333 2387 399 2421 Sed
426 2390 576 2428 respectu
601 2395 657 2419 suo
683 2395 866 2427 squammae

380 2436 512 2469 Peccati
539 2435 736 2476 dispareant.

962 2195 993 2227 2.
1022 2194 1146 2237 Gaude,
1173 2206 1271 2230 verae
1293 2200 1418 2241 lampas
1444 2203 1537 2248 lucis,

1018 2242 1188 2277 Benedicti
1212 2250 1317 2281 mater
1344 2250 1445 2290 duciS,

1070 2293 1171 2333 Quam
1198 2298 1305 2329 coetus
1329 2297 1476 2333 fidelium

1019 2339 1191 2382 Nunquam
1216 2344 1314 2378 debet
1338 2347 1498 2391 oblivisci,

1022 2387 1086 2421 Sed
1111 2390 1270 2425 instanter
1295 2395 1461 2435 proficisci

1069 2438 1124 2471 Ad
1150 2440 1217 2473 eius
1242 2441 1423 2484 imperium.
