1655 2726
815 248 904 282 XIV.

221 326 253 359 1.
269 325 391 369 Gaude,
419 326 508 358 Iesus
535 333 606 357 cum
632 325 789 365 ascendit,
915 327 947 360 6.
963 324 1087 365 Gaude,
1115 325 1216 367 virgo,
1244 333 1315 357 cum
1341 324 1485 365 volebaS,

268 374 338 406 Tua
363 382 487 414 quoque
512 382 601 405 mens
628 373 816 406 conscendit
964 373 1072 414 Rapta
1099 374 1205 405 caelos
1230 372 1429 405 ascendebas

319 422 432 455 Secum
459 422 539 454 caeli
566 422 695 456 curiam.
1012 422 1066 454 Ad
1092 422 1259 462 amplexus
1284 420 1353 454 filii.

221 501 253 532 2.
270 499 393 540 Gaude,
421 499 499 532 licet,
523 499 710 540 ascendisti,
919 501 949 533 7.
965 499 1088 539 Gaude,
1115 502 1149 531 te
1172 508 1236 532 non
1264 498 1444 541 deserebat,

270 548 363 580 Prius
388 551 495 580 tamen
522 548 700 588 cognovisti
964 549 1054 581 Iesus
1078 548 1161 580 enim
1187 548 1235 579 sic
1260 547 1398 585 volebat,

318 596 468 629 Dandam
495 595 554 627 tibi
579 596 725 637 gloriam.
1012 596 1145 629 Gabriel
1170 596 1369 636 perlucidus,

221 675 253 707 3.
274 673 398 714 Gaude,
426 673 500 714 quia
525 673 616 705 Iesus
642 673 729 705 misit
916 675 948 707 8.
965 673 1088 715 Gaude,
1115 673 1205 705 venit
1229 682 1326 715 saepe
1351 673 1453 704 laetus

268 722 833 762 Sanctumpneuma,quodpromisit,
963 722 1018 754 Ad
1042 725 1075 753 te
1101 722 1199 762 caelo,
1225 721 1326 765 virgo,
1354 724 1462 753 coetus

320 770 471 802 Fervidis
499 769 676 810 discipulis.
1010 770 1207 811 Angelorum
1232 770 1363 802 nitidus.

225 849 257 881 4.
273 847 396 888 Gaude,
424 846 505 879 fides
533 847 687 879 dilatatur
917 849 948 881 9.
964 847 1088 889 Gaude,
1112 846 1172 879 tibi
1197 847 1346 879 nuntiata

270 895 343 928 Iesu
371 896 474 927 dulcis
501 898 533 926 et
556 895 705 936 vulgatur
964 895 1053 927 Hora
1075 895 1188 927 mortis
1215 897 1264 926 est
1288 897 1409 937 optata,

320 943 470 976 Gentium
496 944 530 974 in
555 943 694 984 populis.
1010 943 1079 983 Qua
1103 944 1145 975 ad
1169 946 1278 975 natum
1303 946 1459 975 transeas.

223 1024 254 1056 5.
270 1020 394 1061 Gaude,
421 1021 512 1054 Iesus
540 1020 682 1053 visitavit
892 1021 947 1054 10.
963 1020 1087 1062 Gaude,
1111 1020 1172 1052 tibi
1199 1020 1382 1060 congregati

269 1068 372 1108 Saepe
395 1071 428 1100 te
453 1071 486 1100 et
510 1069 683 1101 cumulavit
961 1069 1035 1102 Iesu
1061 1068 1181 1101 Christi
1204 1071 1277 1100 sunt
1302 1068 1411 1108 legati,

314 1118 433 1150 Causas
459 1116 506 1148 tui
530 1116 648 1157 gaudii.
1009 1117 1055 1150 Ut
1081 1117 1122 1148 de
1146 1116 1264 1147 mundo
1287 1124 1392 1148 exeas.

544 1193 597 1225 11.
613 1193 671 1225 Pia
698 1197 810 1234 mater,
835 1191 888 1224 fac
912 1202 1005 1225 orare

612 1240 679 1273 Nos
703 1243 825 1273 attente
851 1243 883 1272 et
906 1241 1036 1281 plorare

661 1289 780 1329 Culpas
805 1289 910 1321 nostri
934 1288 1057 1321 felleas.

819 1402 891 1435 XV.

223 1479 255 1512 1.
273 1479 396 1521 Gaude,
422 1484 497 1511 tuae
520 1479 616 1511 morti
640 1482 771 1511 sanctae
913 1481 944 1514 6.
960 1479 1083 1519 Gaude,
1110 1479 1211 1520 virgo,
1238 1479 1383 1512 obviavit

270 1527 386 1559 Nullus
414 1528 548 1560 daemon
572 1526 642 1559 Deo
669 1527 766 1559 dante
958 1527 1003 1560 Et
1025 1526 1142 1559 festine
1166 1528 1321 1560 salutavit

315 1574 478 1609 Interesse
501 1575 616 1615 potuit.
1006 1575 1095 1608 Caeli
1117 1578 1151 1607 te
1176 1576 1354 1617 collegium.

222 1654 254 1685 2.
271 1652 393 1694 Gaude,
420 1654 522 1694 Iesus,
549 1652 736 1685 benedictus
912 1653 943 1686 7.
961 1652 1083 1694 Gaude,
1112 1657 1241 1686 cunctos
1266 1654 1360 1686 Adae
1384 1658 1478 1687 natos

272 1702 410 1733 Fructus
434 1701 558 1733 ventris
583 1701 629 1732 tui
656 1700 771 1741 dictus,
958 1701 1017 1733 Pie
1041 1703 1144 1741 tuens,
1172 1710 1232 1742 quo
1256 1701 1368 1734 beatos

317 1749 418 1782 Morti
442 1754 516 1782 tuae
541 1747 656 1783 adfuit.
1005 1748 1108 1789 Super
1132 1749 1261 1782 scandis
1286 1751 1426 1792 angelos

221 1827 253 1859 3.
272 1825 393 1869 Gaude,
421 1827 510 1866 virgo
537 1826 702 1858 tradidisti
913 1827 943 1859 8.
959 1826 1082 1869 Gaude,
1109 1826 1198 1867 virgo
1224 1827 1289 1868 pia,
1314 1828 1414 1860 latum

269 1874 361 1906 Tunc
383 1875 418 1907 in
442 1883 553 1906 manus
577 1874 651 1906 Iesu
677 1874 798 1907 Christi
958 1874 1047 1906 Iuste
1071 1883 1184 1914 regens
1210 1876 1321 1908 mundi
1344 1880 1464 1909 statum

317 1923 466 1955 Animam
491 1922 664 1955 innoxiam.
1005 1922 1180 1954 Transsilis
1205 1924 1425 1966 archangelos.

222 2002 255 2032 4.
273 1999 395 2042 Gaude,
422 2001 512 2033 Iesus
537 2000 706 2032 suscitavit
914 2002 945 2033 9.
962 1999 1085 2040 Gaude,
1113 2000 1195 2032 caeli
1219 2001 1420 2043 principatus

270 2048 317 2080 Te
342 2058 362 2080 a
384 2052 489 2081 morte
514 2051 546 2080 et
569 2048 712 2088 portavit
959 2048 1008 2080 Tu
1034 2048 1163 2080 excedis
1189 2050 1296 2082 cuncti
1321 2053 1425 2083 status

317 2097 373 2129 Ad
399 2098 567 2129 caelestem
592 2096 741 2136 patriam.
1008 2096 1200 2129 Praesidens
1224 2098 1437 2139 principibus.

223 2176 256 2207 5.
272 2174 395 2217 Gaude,
424 2176 554 2207 cunctos
579 2173 794 2213 praecedebat
891 2174 945 2206 10.
962 2173 1085 2214 Gaude,
1111 2175 1220 2207 multis
1245 2185 1265 2208 a
1289 2180 1323 2208 te
1347 2177 1447 2218 signis

270 2222 318 2256 Ob
344 2226 376 2255 te
400 2223 504 2255 laetus
530 2224 561 2254 et
585 2221 736 2254 monebat
959 2221 1070 2254 Factis
1095 2224 1181 2255 omni
1205 2224 1302 2257 laude
1327 2225 1433 2266 dignis

320 2270 452 2304 Gabriel
477 2270 519 2303 ad
544 2270 705 2311 gaudium.
1009 2270 1144 2303 Scandis
1169 2281 1249 2312 prae
1270 2274 1455 2308 virtutibus.

545 2347 599 2381 11.
615 2347 673 2380 Pia
696 2349 809 2387 mater,
835 2349 970 2379 mortem
994 2345 1108 2381 flentes

612 2396 687 2429 Iesu
711 2395 809 2429 simus
835 2395 995 2436 patientes

662 2445 700 2477 In
726 2444 871 2477 adversis
897 2444 1054 2478 omnibus.
