1655 2726
713 109 974 144 —264fl-

206 209 238 242 9.
253 207 340 248 Ergo
365 208 499 239 matrem
526 203 697 237 salvatoris

181 928 236 961 11.

184 1235 239 1268 12.

186 1542 241 1574 13.

192 1850 244 1882 14.

193 2157 249 2191 15.

250 256 366 289 Votum
390 254 496 287 cordis
522 255 554 285 et
579 261 641 284 vox
667 252 732 284 oris

299 303 448 336 Celebret
470 302 503 333 in
528 300 640 340 iubilo,

252 351 348 385 Cuius
373 352 461 382 ortus
487 348 689 388 medicinam,

252 399 347 432 Cuius
370 399 437 430 vita
462 398 525 430 vim
553 396 693 428 divinam

297 446 363 479 Dat
386 444 549 485 languenti
574 444 712 476 saeculo.

872 206 925 238 10.
942 205 989 236 Te
1014 212 1162 245 rogamus
1188 204 1262 235 voto
1289 202 1373 242 pari,

940 251 1020 290 Fac,
1047 259 1104 283 nos
1129 252 1226 290 portu
1250 248 1385 282 salutari

989 299 1050 331 Dei
1075 297 1171 330 sistat
1194 297 1309 337 gratia,

939 346 992 380 Da
1017 346 1169 378 virtutem
1196 346 1304 376 castae
1329 342 1457 382 mentis,

941 394 1020 434 Nec,
1039 401 1132 434 quem
1151 394 1256 424 calcas
1273 394 1318 432 tu,
1338 391 1499 430 serpentis

990 442 1113 474 Perdat
1137 450 1195 473 nos
1219 440 1373 472 versutia.

594 615 700 655 Salve,
728 615 817 663 »girgo
841 615 983 647 salutata

595 664 641 696 Et
663 672 736 696 mox
763 662 870 695 fructu
896 661 1079 704 fecundata,

645 713 712 752 Quo
738 712 904 744 salvantur
929 711 1067 754 saecula,

595 760 748 800 Verbum,
775 760 877 800 virgo,
905 760 1091 802 concepisti,

597 808 823 848 Paranympho
851 808 924 840 dum
952 806 1042 839 fuisti

646 856 791 890 Gabrieli
818 856 959 892 credula,

251 926 332 966 Regi
358 934 468 967 regum
494 933 587 965 quam
614 923 705 956 fuisti

252 975 358 1015 Digna
383 982 510 1015 sponsa,
538 981 619 1014 quae
644 971 774 1014 fulsisti,

300 1022 346 1055 Ut
367 1022 402 1055 in
427 1022 528 1062 spinis
553 1021 674 1052 lilium!

254 1071 308 1104 Sic
331 1072 509 1103 consortem
535 1070 599 1101 iam
625 1074 768 1109 naturae,

253 1119 317 1151 Sed
340 1120 461 1150 mutato
488 1117 592 1149 carnis
616 1117 688 1149 iure

299 1166 362 1198 Dei
387 1165 476 1206 capis
500 1164 612 1197 filium.

253 1233 352 1274 Virgo
378 1234 445 1266 viro
473 1232 688 1273 desponsans,

254 1281 318 1314 Sed
343 1280 382 1313 fis
407 1283 509 1313 mater
535 1288 650 1319 expers
674 1278 782 1318 maris,

302 1329 401 1369 Virgo
426 1331 532 1369 gestas
556 1330 702 1369 uterum3

256 1377 374 1417 Ioseph
398 1376 497 1418 timet,
525 1375 583 1408 sed
608 1383 754 1407 securum

256 1425 377 1458 Reddit
403 1424 534 1464 angelus
561 1425 593 1454 et
616 1430 731 1463 purum

306 1473 476 1505 Promovet
501 1471 690 1511 coniugium.

256 1539 366 1573 Rubus
393 1538 469 1571 olim
494 1538 695 1576 ardescebat,

259 1588 326 1620 Sed
349 1587 396 1619 nil
419 1586 503 1627 ignis
530 1586 735 1628 depascebat,

308 1635 390 1674 Quin
413 1634 545 1667 illaesus
570 1634 677 1675 viruit,

259 1684 313 1717 Sic
337 1684 456 1716 virtute
481 1682 621 1723 spiritali

258 1732 354 1765 Salvo
377 1730 459 1764 flore
481 1730 631 1771 virginali

307 1780 406 1821 Virgo
431 1779 535 1811 Deum
559 1778 678 1819 genuit.

260 1849 284 1881 O
310 1847 489 1880 mirandam
513 1846 699 1885 novitatem,

259 1895 377 1929 Matris
402 1898 496 1928 ornat
520 1894 700 1927 castitatem

309 1943 387 1975 Filii
412 1944 589 1984 conceptio,

261 1992 334 2025 Eva
356 1992 470 2024 mortis
494 1991 570 2023 tulit
592 1991 702 2032 ictum,

261 2041 333 2073 Ave
360 2041 447 2073 delet
468 2039 683 2078 maledictum,

315 2087 408 2121 Cedit
431 2088 496 2120 iam
523 2088 680 2128 deceptio.

264 2156 372 2189 Prima
397 2164 514 2197 parens
540 2154 632 2188 nobis
657 2156 789 2196 luctum,

265 2204 329 2237 Sed
354 2204 496 2236 secunda
520 2204 606 2236 vitae
630 2202 767 2235 fructum

313 2252 452 2285 Protulit
477 2261 546 2284 cum
568 2252 695 2295 gaudio,

264 2300 337 2334 Eva
360 2302 434 2342 iugo
459 2300 633 2340 servitutis,

264 2349 329 2382 Sed
354 2349 461 2382 Maria
484 2358 543 2381 nos
567 2349 679 2381 salutis

314 2396 428 2431 Afficit
452 2397 606 2431 remedio.

873 922 993 958 16.Tu
1018 926 1154 955 naturae
1180 925 1292 955 eontra
1315 923 1412 955 ritum

942 971 1025 1004 Arto
1050 979 1230 1012 praegnans
1254 970 1414 1003 infinitum

990 1019 1112 1051 Ventre
1138 1019 1261 1052 claudis
1287 1019 1432 1058 parvula,

943 1066 1047 1099 Homo
1072 1066 1187 1107 Deum,
1213 1067 1309 1099 stella
1332 1066 1442 1105 solem,

944 1114 1030 1147 Nata
1054 1118 1190 1156 patrem,
1216 1115 1306 1156 virgo
1331 1115 1466 1156 prolem,

990 1163 1167 1204 Antiquum
1191 1163 1371 1195 iuvencula.

874 1231 929 1264 17.
946 1229 1016 1263 Uno
1041 1231 1113 1262 sinu
1139 1231 1228 1270 capis
1252 1240 1370 1271 agnum

943 1277 989 1310 Et
1007 1278 1142 1318 leonem,
1169 1288 1314 1320 parvum,
1340 1287 1501 1318 magnum.

991 1325 1106 1358 Finem
1132 1328 1165 1357 et
1186 1326 1382 1367 principium

944 1373 989 1406 Et
1012 1374 1178 1406 mortalem
1205 1378 1435 1415 aeternumque

946 1421 989 1454 Et
1014 1423 1183 1455 caelestem
1208 1426 1444 1463 terrenumque,

991 1469 1125 1504 Servum
1150 1473 1246 1512 atque
1269 1471 1453 1505 Dominum.

875 1537 931 1570 18.
946 1538 1049 1571 Huius
1074 1538 1193 1570 nodum
1219 1541 1413 1572 sacramenti

944 1584 1019 1618 Non
1042 1586 1171 1619 subtilis
1195 1589 1344 1628 arguenti

993 1634 1120 1666 Pandet
1141 1635 1317 1678 indagatio,

947 1681 1050 1714 Nosse
1073 1683 1202 1715 modum
1228 1692 1289 1716 non
1317 1690 1367 1717 est
1392 1694 1508 1725 meum,

947 1729 1021 1762 Scio
1045 1733 1154 1763 tamen
1177 1741 1274 1773 posse
1297 1732 1413 1774 Deum,

995 1778 1086 1817 Quod
1111 1788 1174 1811 non
1201 1781 1289 1820 capit
1312 1782 1407 1815 ratio,

877 1846 932 1880 19,
947 1845 1024 1885 Quis
1048 1855 1110 1878 non
1137 1847 1249 1880 laudet
1273 1851 1306 1881 et
1328 1850 1480 1893 laetetur,

950 1893 1025 1933 Quis
1050 1903 1112 1926 non
1138 1897 1280 1936 gaudens
1306 1899 1485 1932 admiretur

995 1942 1082 1982 Opus
1104 1945 1214 1976 tantae
1239 1946 1387 1986 gratiae?

950 1990 996 2024 Ut
1019 1991 1174 2023 ascendat
1197 1993 1292 2026 homo
1318 2004 1403 2035 reus,

951 2038 1018 2077 Quo
1046 2039 1214 2073 descendit
1235 2045 1351 2083 potens
1376 2043 1465 2077 Deus

997 2086 1089 2120 Servi
1113 2090 1217 2122 tectus
1242 2091 1368 2131 specie!

880 2156 936 2190 20.
951 2154 996 2188 Et
1020 2158 1065 2196 tu,
1091 2156 1181 2198 virgo
1207 2161 1272 2192 tarn
1298 2161 1478 2205 praeclara,

952 2203 989 2236 In
1016 2213 1078 2243 qua
1101 2209 1191 2244 gesta
1214 2210 1290 2240 sunt
1314 2211 1378 2241 tam
1405 2220 1482 2243 rara

999 2251 1130 2285 Domini
1154 2256 1320 2298 mysteria,

956 2300 1019 2333 Per
1035 2300 1124 2344 haec,
1151 2312 1277 2343 precor,
1296 2314 1354 2337 nos
1372 2308 1515 2346 peccatis

955 2347 1000 2380 Et
1022 2352 1171 2383 terrenae
1195 2352 1366 2393 pravitatis

1003 2397 1117 2430 Exime
1141 2400 1284 2433 miseria.
