1655 2726
716 114 951 150 -91-

171 210 227 242 47.
244 209 368 255 Lauda,
384 212 571 253 Ierusalem,
584 213 669 254 quod
680 216 810 246 estorta
879 213 936 247 48.
963 213 1111 245 Laudate
1136 213 1308 246 Dominum
1340 213 1381 245 de
1407 214 1503 246 caelis

245 258 295 290 De
311 262 343 291 te
361 260 457 294 stella
473 261 582 303 maris,
603 261 683 294 caeli
701 263 805 302 porta,
962 261 1007 293 Et
1031 261 1157 294 Mariae
1182 261 1420 302 benedicamus,

241 306 360 347 Maria,
388 309 498 340 nutrix
525 309 615 341 ducis
639 311 758 350 magni.
963 309 1019 341 Sie
1043 310 1203 350 superatis
1228 310 1367 342 hostium
1390 311 1464 342 telis

243 355 303 395 Qui
327 356 370 389 ad
394 356 498 388 instar
524 358 613 389 venit
636 358 721 398 agni.
963 357 1057 390 Laeti
1084 359 1164 390 caeli
1186 367 1317 399 regnum
1335 358 1501 391 intramus.

248 420 318 449 Cod.
346 421 556 450 Carolsruhan.
586 422 712 457 Angien.
741 419 805 451 136.
834 431 911 451 saec.
938 421 1013 452 ¹⁴¹l15.
1035 422 1069 451 A.
1099 439 1138 442 —
1166 422 1235 451 cod.
1256 424 1409 452 Paulanus
1430 424 1504 453 San-

170 459 298 487 blasian.
320 460 426 488 memb.
447 459 495 488 44.
517 469 595 488 saec.
619 459 663 488 15.
684 461 719 488 B.

246 503 268 535 I.
310 505 337 542 3,
361 504 375 534 1
407 509 478 545 quid
499 511 569 536 sunt
589 509 622 537 Β.
650 524 690 528 -
717 507 745 543 3,
766 506 784 537 2
808 509 867 543 Qui
886 509 1003 537 Mariae
1022 511 1092 537 sunt
1111 511 1223 547 ingrati
1244 512 1278 539 Β,
1308 526 1346 532 —-
1374 509 1401 547 3,
1423 510 1440 541 3
1460 512 1502 540 Et

168 546 228 581 ipsi
250 547 301 582 qui
323 547 360 574 ad
382 547 454 582 quid
475 548 539 575 nati
561 548 594 576 B.
640 564 658 567 —
686 548 713 584 3,
737 547 757 576 4
776 547 834 575 Per
855 556 955 575 omnes
976 557 1036 576 non
1050 551 1120 575 sunt
1133 549 1213 576 beati
1229 550 1261 576 B.
1283 566 1319 570 —-
1341 549 1367 585 5,
1382 550 1402 579 4
1422 552 1501 579 Dum

170 584 208 612 ad
228 584 261 611 Β.
288 600 328 604 -
355 582 384 621 8,
406 583 422 613 1
444 588 545 614 noster
564 586 639 614 fehlt
658 587 691 614 B.
719 603 758 608 —
777 584 804 620 9,
828 584 843 613 1
865 587 921 615 tibi
941 586 1016 614 fehlt
1037 587 1067 615 Β.
1090 602 1127 606 -
1147 585 1173 621 9,
1196 584 1217 613 4
1236 591 1282 616 est
1301 597 1338 617 ex
1355 591 1385 617 te
1407 590 1439 618 B.
1461 605 1500 609 -—

171 621 214 656 11,
236 619 254 650 3
275 632 318 660 sq.
341 625 511 661 umgestellt
533 625 566 652 B.
589 642 625 645 --
650 622 694 658 13,
717 623 735 652 2
760 625 861 652 Veluti
882 625 916 653 Β.
939 640 970 644 -
999 623 1043 659 13,
1065 622 1083 653 3
1103 634 1164 653 non
1184 625 1280 655 ferens
1303 627 1334 656 Β.
1356 642 1393 646 —-
1418 626 1460 662 14,
1483 628 1501 656 3

169 661 315 689 salutavit
338 663 403 696 AB,
430 664 489 698 Qui
515 665 653 692 manibus
682 665 714 693 B.
740 680 779 684 —-
804 661 851 695 20,
872 662 893 692 4
921 663 971 692 Sic
996 672 1119 701 sperans
1140 665 1173 692 Β.
1200 679 1237 683 -
1263 663 1308 699 21,
1334 664 1347 693 1
1375 667 1503 695 Domine

168 701 250 728 Deus
272 701 306 728 A.
332 716 368 721 —-·
398 699 445 735 21,
466 700 483 729 2
513 703 554 730 sit
571 702 646 731 fehlt
664 702 698 730 B.
720 718 757 722 —
778 699 825 738 38,
846 701 864 730 2
885 702 1092 739 consequendo
1115 703 1148 731 A.
1170 717 1205 722 —
1228 701 1275 738 325,
1296 702 1314 733 3
1336 705 1368 732 si
1390 714 1432 733 mc
1457 714 1501 733 er-

171 747 237 767 rare
259 741 291 767 B.
312 756 351 760 ——
370 737 418 774 39,
434 739 448 768 1
471 741 514 769 Te
535 744 710 778 exspectans
724 743 758 770 B.
780 756 816 760 —
837 740 884 776 40,
899 741 919 770 4
940 742 1018 776 Quin
1035 750 1098 770 eam
1113 741 1147 769 B.
1169 756 1207 762 ——
1227 741 1273 777 42,
1289 741 1307 772 3
1328 743 1352 771 O
1367 746 1419 780 pia
1432 753 1503 772 vero

169 780 251 815 eripe
270 779 303 807 B.
325 796 363 799 —
383 777 430 814 43,
452 778 470 807 2
489 780 617 808 Mariam
639 789 728 817 quam
748 781 783 809 A.
800 795 840 800 —-

247 822 284 854 11.
328 824 353 861 1,
374 824 392 853 2
412 836 493 855 erras
513 827 546 855 B.
578 843 604 847 —
631 826 656 862 6,
679 826 694 855 1
715 838 731 857 0
753 829 874 857 domina
893 828 927 857 A.
950 843 986 847 —
1007 828 1033 863 7,
1061 827 1076 855 1
1097 838 1168 857 vero
1189 829 1225 856 A.
1246 845 1283 850 —
1305 829 1332 864 7,
1346 828 1366 857 4
1387 830 1446 864 Qui
1465 839 1503 858 ne

171 866 275 893 cadam
295 866 329 893 B.
352 880 387 885 -—-
409 863 436 901 8,
458 864 476 893 2
497 866 521 894 O
541 875 612 895 vere
632 869 727 895 mater
747 868 781 896 B.
802 882 841 886 —
863 865 907 902 10,
932 865 946 894 1
968 876 1012 902 sq.
1034 876 1129 895 meam
1151 869 1388 904 deprecationem
1409 870 1442 897 B.
1464 885 1502 889 —

172 902 216 939 12,
238 901 255 931 3
280 903 342 933 filio
362 904 395 933 B.
424 920 460 924 —
488 902 532 939 12,
553 904 574 933 4
593 908 635 934 sit
653 906 728 934 fehlt
747 907 780 935 B.
811 922 844 925 —
881 903 924 941 15,
946 904 966 933 4
988 906 1120 934 indelate
1140 908 1173 935 Β.
1201 923 1239 927 —
1266 906 1310 942 16,
1332 905 1350 934 2
1372 907 1431 942 Qui
1450 916 1504 943 per

168 944 315 980 virg-inem
349 944 527 979 imploratur
557 945 591 972 B.
624 960 662 966 -—-
691 943 736 979 16,
758 943 776 974 3
804 946 971 981 perfuratur
997 949 1029 974 Β.
1055 960 1094 964 -
1125 944 1169 980 16,
1189 944 1209 973 4
1234 955 1304 975 vere
1326 954 1390 974 eam
1411 948 1444 976 Β.
1464 961 1504 965 —

171 981 216 1016 17,
237 978 256 1009 3
275 982 352 1010 fehlt
371 982 412 1017 E,
435 986 645 1012 convertentur
666 984 701 1012 A.
724 999 760 1003 ——
783 981 828 1018 17,
849 983 870 1012 4
887 987 1036 1013 merentur
1058 985 1092 1012 A.
1114 999 1150 1003 —
1173 982 1218 1019 18,
1240 982 1258 1013 3
1278 986 1314 1013 111
1334 993 1395 1021 qua
1414 986 1447 1013 B.
1493 1000 1507 1003 -

169 1019 216 1055 26,
237 1018 257 1047 4
285 1020 458 1049 immolatur
488 1022 519 1050 B.
547 1038 584 1042 —
614 1019 661 1057 33,
683 1021 700 1049 2
726 1022 783 1051 Est
801 1031 874 1051 vera
893 1024 991 1060 gratia
1011 1023 1044 1050 Β.
1137 1022 1183 1057 35,
1206 1021 1223 1050 2
1251 1024 1296 1052 Ne
1316 1025 1503 1052 insistentem

168 1060 204 1087 A.
232 1073 270 1077 --
294 1057 341 1094 36,
363 1057 381 1087 3
409 1069 456 1088 me
484 1060 559 1089 fehlt
578 1062 611 1090 B.
639 1077 678 1081 —
704 1059 750 1095 39,
775 1059 789 1088 1
818 1064 863 1090 est
884 1061 958 1090 fehlt
976 1062 1011 1089 B.
1040 1076 1078 1081 —
1106 1060 1151 1095 39,
1174 1059 1191 1090 3
1221 1062 1296 1091 bene
1316 1062 1391 1090 fehlt
1409 1063 1443 1090 Β.
1465 1078 1502 1081 -

168 1097 215 1133 40,
237 1095 255 1126 3
275 1099 365 1127 Modo
387 1107 440 1127 suo
463 1101 496 1129 B.
518 1115 556 1119 —
576 1098 623 1135 40,
644 1098 664 1127 4
683 1100 832 1128 Defendet
850 1101 885 1128 B.
906 1115 944 1120 —
965 1098 1012 1135 48,
1036 1098 1050 1128 1
1072 1109 1136 1137 sqq.
1158 1100 1232 1129 fehlt
1251 1101 1287 1128 A.

247 1143 299 1175 llI.
342 1146 368 1182 2,
393 1145 407 1175 1
433 1148 565 1176 Benedie
591 1149 679 1177 homo
707 1150 874 1185 speciosam
894 1149 927 1177 B.
954 1164 993 1168 —
1021 1146 1048 1183 3,
1072 1147 1086 1175 1
1114 1148 1244 1177 Benedie
1265 1150 1352 1178 homo
1374 1151 1505 1186 puellam

168 1186 202 1213 B.
224 1201 263 1206 -—
283 1184 309 1221 3,
325 1184 343 1213 2
363 1186 465 1215 lunam
486 1187 604 1215 stellam
630 1188 664 1217 B.
682 1203 719 1208 —
740 1187 767 1221 5,
787 1186 802 1215 1
824 1187 1005 1216 Confitemur
1019 1189 1053 1216 A.
1075 1203 1111 1206 —
1134 1187 1159 1221 5,
1175 1185 1192 1215 2
1213 1189 1245 1215 in
1259 1192 1395 1224 metaque
1408 1190 1446 1216 A.

170 1223 196 1259 6,
228 1223 242 1253 1
272 1224 452 1254 confitemur
476 1226 512 1254 A.
541 1241 577 1245 —-
605 1225 631 1261 6,
657 1224 676 1255 3
701 1228 789 1263 virga
816 1227 852 1254 A.
879 1241 916 1246 —
944 1224 988 1261 12,
1015 1225 1035 1254 4
1058 1226 1224 1262 Martyrum
1249 1228 1377 1255 victoria
1401 1229 1505 1256 mortis

169 1264 203 1292 B.
246 1279 249 1282 ·
285 1262 330 1298 16,
344 1262 363 1292 3
383 1264 426 1292 Et
444 1266 476 1292 in
497 1266 606 1294 mundo
627 1266 661 1294 B.
683 1280 721 1284 -—
742 1275 765 1300 e,
781 1262 799 1293 3
820 1267 863 1293 sie
882 1265 957 1294 fehlt
976 1265 1008 1293 B.
1034 1281 1072 1286 ——
1094 1274 1117 1297 e,
1132 1265 1152 1293 4
1169 1265 1213 1293 Et
1233 1274 1322 1302 opera
1335 1275 1401 1294 mea
1414 1268 1448 1295 Β.
1469 1281 1508 1284 -

168 1301 194 1337 9,
217 1301 237 1331 4
256 1302 283 1330 A
302 1312 351 1331 me
371 1304 491 1332 traxisti
512 1303 535 1331 A
552 1315 558 1340 ;
586 1305 636 1333 Me
658 1304 732 1332 fehlt
754 1306 787 1333 Β.
813 1320 851 1324 --
879 1305 907 1339 11,
929 1301 947 1331 3
969 1306 1070 1332 omnia
1089 1304 1164 1332 fehlt
1183 1304 1216 1332 B.
1239 1320 1276 1324 —
1296 1305 1324 1338 h,
1345 1303 1365 1332 4
1383 1307 1457 1333 victi
1478 1307 1507 1333 et

167 1342 201 1370 B.
225 1356 262 1361 --
283 1343 303 1377 i,
317 1340 337 1370 4
357 1345 387 1370 te
408 1344 473 1371 sine
492 1343 637 1372 liberatus
658 1344 692 1371 B.
713 1358 751 1363 —-
772 1343 802 1377 k,
820 1342 834 1370 1
856 1344 1007 1380 prosecuti
1020 1343 1081 1371 AB.
1101 1358 1139 1361 —
1160 1344 1189 1375 k,
1205 1340 1222 1371 3
1244 1347 1314 1371 sunt
1326 1344 1400 1371 fehlt
1413 1345 1447 1372 A.
1466 1358 1506 1362 —-

169 1379 216 1416 19,
236 1378 254 1407 2
282 1382 432 1418 virginem
452 1382 527 1410 fehlt
548 1382 581 1409 Β.
608 1398 646 1403 —-
671 1380 718 1416 20,
743 1381 761 1410 2
782 1390 801 1409 a
819 1384 849 1410 te
869 1384 953 1418 virgo
976 1382 1010 1409 Β.
1036 1396 1072 1402 -
1100 1380 1146 1417 21,
1168 1380 1186 1411 3
1208 1390 1297 1418 quam
1317 1383 1390 1411 laeti
1409 1383 1443 1411 B.
1466 1397 1506 1401 ——

168 1418 214 1454 21,
235 1417 255 1447 4
275 1419 363 1449 datae
382 1421 418 1448 A.
445 1436 484 1441 —
513 1419 558 1454 22,
581 1419 599 1449 3
620 1422 732 1449 retulos
754 1419 787 1449 B.
816 1436 852 1439 —
884 1419 929 1454 24,
953 1419 973 1448 4
995 1422 1060 1456 Qua
1079 1420 1180 1449 hostes
1200 1422 1235 1449 A.
1255 1436 1294 1440 —
1314 1419 1360 1455 27,
1384 1420 1398 1449 1
1420 1422 1506 1450 Beati

169 1460 307 1487 timentes
328 1459 425 1487 Deum
447 1463 530 1488 entes
551 1461 585 1487 Β.
608 1474 644 1479 —
665 1457 711 1494 28,
733 1459 753 1489 4
772 1460 816 1488 'I'e
834 1460 911 1488 fehlt
928 1460 963 1488 A.
985 1475 1024 1479 —
1045 1457 1089 1493 29,
1113 1458 1127 1487 1
1151 1468 1221 1488 area
1240 1461 1274 1489 Β.
1293 1475 1333 1480 -—
1353 1458 1398 1494 29,
1415 1459 1432 1488 2
1454 1462 1506 1496 qui

167 1499 202 1525 A.
230 1512 267 1517 -—
298 1495 343 1534 33,
366 1495 384 1525 3
406 1498 492 1532 Quod
513 1503 559 1526 est
579 1500 615 1534 A,
637 1498 840 1528 benedicenda
859 1500 893 1527 B.
922 1513 959 1518 —-
988 1496 1033 1533 33,
1055 1497 1074 1525 4
1094 1498 1218 1526 dicenda
1240 1500 1272 1527 Β.
1299 1515 1338 1520 ——
1362 1497 1408 1533 34,
1431 1498 1448 1527 2
1469 1499 1506 1527 de

168 1536 242 1565 fehlt
255 1536 289 1564 B.
311 1552 348 1556 -—
370 1533 417 1571 34,
432 1536 451 1565 4
471 1539 600 1574 sumpsit
614 1538 798 1566 nobilissimi
811 1540 846 1572 A,
868 1537 994 1566 noblimi
1009 1539 1041 1566 B.
1064 1551 1102 1556 —
1122 1535 1169 1572 35,
1185 1535 1201 1564 1
1218 1537 1398 1566 Confitemur
1411 1539 1446 1566 A.
1474 1554 1505 1557 ὴ

167 1573 213 1610 36,
237 1572 254 1601 2
274 1583 415 1612 reparare
435 1576 471 1603 A.
493 1591 529 1596 -—
549 1574 596 1611 44,
621 1576 635 1605 1
659 1579 690 1604 te
711 1577 786 1605 fehlt
805 1577 838 1604 A.
860 1592 891 1597 —
918 1574 966 1610 44,
981 1574 999 1603 2
1019 1586 1047 1604 u.
1070 1573 1089 1604 3
1109 1577 1280 1612 umgestellt
1299 1577 1360 1605 und
1381 1575 1398 1604 2
1418 1578 1453 1605 In
1478 1579 1508 1605 te

167 1615 250 1643 Deus
272 1623 288 1642 0
310 1616 395 1652 virgo
419 1615 490 1651 quid
511 1615 607 1643 dicam
626 1616 661 1645 B.
682 1631 718 1635 —
739 1615 786 1649 46,
804 1614 818 1643 1
841 1617 893 1653 qui
913 1616 1010 1643 bonus
1030 1616 1065 1649 A,
1087 1624 1176 1652 quam
1197 1616 1292 1644 bonus
1314 1616 1348 1644 Β.
1368 1631 1408 1633 -—
1424 1614 1471 1650 48,
1487 1614 1505 1642 2

168 1653 377 1683 benedicemus
402 1654 436 1680 B.
458 1669 494 1673 —
517 1652 565 1689 48,
586 1653 606 1683 4
626 1656 771 1684 intremus
795 1655 828 1681 Β.

245 1702 355 1730 Ausser
376 1702 478 1731 diesen
501 1702 739 1732 Untersehieden
759 1705 800 1732 ist
820 1713 858 1731 zu
878 1704 1056 1737 hemerken‚
1086 1702 1151 1730 dass
1173 1703 1197 1732 B
1218 1703 1278 1731 fast
1298 1704 1442 1731 konstant
1458 1703 1506 1731 die

167 1742 294 1770 zweiten
314 1742 376 1770 und
396 1742 505 1770 dritten
521 1742 623 1770 Zeilen
644 1743 785 1776 umstellt,
808 1751 869 1770 was
890 1742 970 1770 wohl
981 1743 1074 1780 Folge
1094 1741 1274 1770 verkehrten
1287 1742 1505 1771 Absehreibens

167 1782 216 1816 ist,
238 1790 325 1808 wenn
345 1782 378 1809 i11
399 1781 451 1809 der
465 1781 595 1819 Vorlage
616 1782 664 1810 die
678 1782 780 1810 Zeilen
804 1780 819 1809 1
840 1782 900 1810 und
921 1779 948 1815 2,
969 1779 988 1809 3
1008 1781 1069 1809 und
1083 1779 1102 1809 4
1116 1782 1356 1810 nebeneinander
1371 1782 1504 1809 standen.

168 1819 255 1848 Aueh
281 1820 349 1848 teilt
376 1820 401 1848 B
430 1820 479 1849 (116
501 1818 649 1857 Sti-ophen
674 1821 759 1848 nieht
784 1822 817 1848 in
839 1821 1075 1857 Quinquagenen
1101 1821 1164 1854 ein,
1191 1820 1319 1849 sondern
1345 1821 1378 1848 in
1405 1822 1507 1849 sieben

169 1859 349 1888 Nokturnen
370 1860 430 1887 und
451 1860 574 1896 Vesper.
608 1860 671 1888 Vor
691 1860 758 1888 dem
778 1860 896 1889 Psalter
917 1860 997 1887 stelit
1016 1860 1064 1887 die
1085 1859 1288 1897 Bemerkung:
1309 1859 1393 1888 Istud
1416 1860 1507 1887 dieta-

168 1907 236 1927 men
266 1898 442 1934 psalterium
467 1901 607 1933 vocatur,
634 1899 713 1936 quod
739 1908 793 1936 per
821 1900 952 1934 psalmos
976 1899 1112 1935 psalterii
1135 1897 1308 1933 inchoatur,
1336 1900 1369 1925 in
1388 1899 1505 1926 laudem

170 1937 298 1975 virginis
321 1938 473 1974 gloriosae
494 1938 601 1966 devote
621 1939 747 1974 leg-atur.
783 1938 955 1972 Quemlibet
974 1938 1123 1974 psalmum
1143 1938 1295 1974 praeeedit
1314 1937 1378 1965 Ave
1396 1938 1506 1965 Maria.

169 1975 255 2004 Aueh
282 1975 330 2004 die
356 1977 514 2006 einzelnen
534 1977 713 2005 Noktumen
740 1977 859 2006 werden
884 1977 941 2005 mit
961 1976 1082 2005 solchen
1104 1977 1226 2005 Reimen
1250 1976 1437 2014 eingeleitet:
1458 1976 1508 2005 111-

170 2016 245 2052 cipit
270 2018 448 2051 nocturnus,
482 2016 533 2053 qui
563 2018 733 2045 nominatur
761 2020 893 2054 quartus.
934 2016 995 2044 Hie
1022 2017 1068 2043 est
1088 2017 1208 2053 quintus
1230 2018 1392 2043 nocturnus
1415 2018 1443 2043 et
1463 2016 1507 2042 in-

170 2056 245 2091 cipit
264 2054 352 2082 valde
372 2055 528 2083 iucundus.
562 2055 599 2083 In
619 2055 671 2083 der
690 2055 800 2084 letzten
816 2055 1032 2092 Quinquagene
1045 2056 1087 2082 ist
1099 2055 1148 2083 Ps.
1167 2052 1221 2083 118
1235 2055 1291 2082 mit
1305 2053 1347 2082 elf
1358 2053 1507 2091 Strophen

169 2095 333 2130 vertreten,
366 2093 507 2123 wahrend
538 2094 586 2122 die
617 2095 680 2123 drei
704 2094 814 2123 letzten
833 2094 974 2122 Psalmen
1002 2094 1053 2122 des
1080 2094 1212 2122 Psalters
1238 2102 1294 2121 nur
1322 2092 1414 2121 durch
1442 2094 1508 2121 eine

171 2131 300 2168 Strophe
321 2133 536 2169 reprfisentiert
556 2134 682 2162 werden.
