1655 2726
674 153 713 159 —
773 134 841 171 183
890 155 939 161 —

727 233 871 268 XCVII.

139 294 219 328 974.
236 293 372 329 Cantate
398 301 530 331 nostrae
551 300 714 342 dominae,
834 304 913 336 976.
928 302 1094 336 Laudibus
1120 304 1182 336 tuis
1208 305 1349 345 gaudere

234 343 324 382 Quae
347 344 428 378 fecit
451 346 625 389 mirabilia,
927 350 1089 384 Debemus
1115 360 1234 392 omnes,
1262 353 1401 395 domina,

235 391 330 425 Hanc
354 394 521 434 pulsantes
546 397 730 437 precamine
928 398 1012 438 Quos
1039 398 1119 432 facis
1145 400 1250 432 Iesum
1275 400 1387 433 videre

236 440 354 473 Omnes
380 452 440 483 pro
464 443 675 485 indulgentia.
926 446 973 480 Et
996 457 1075 480 vera
1097 449 1209 480 mundi
1233 448 1365 481 lumina.

139 517 221 550 975.
236 518 445 560 Indulgentia
471 520 607 553 donetur
833 524 914 556 977.
929 524 1066 556 Lumina
1089 532 1149 566 per
1173 528 1207 557 te
1231 527 1361 565 capiunt

234 566 361 608 Ferte,
388 572 501 609 mater,
529 570 721 611 hominibus,
929 571 1046 612 Corda,
1075 582 1210 612 corpora
1234 574 1386 616 plebium,

233 614 379 647 Mundus
403 625 501 657 super
526 627 561 650 se
584 618 731 658 laetetur,
925 620 1044 661 Maria,
1072 621 1121 652 cui
1149 621 1334 654 deserviunt

232 662 386 696 Exsultet.
413 666 535 697 caelum
561 666 722 699 laudibus.
926 668 1019 701 Salus
1046 671 1078 700 et
1100 670 1236 709 languor
1260 671 1410 703 omnium.

490 743 570 777 978.
587 743 734 776 Omnium
760 746 795 776 tu
820 745 982 777 medicina

586 791 728 824 Vulnera
753 801 869 825 curans
894 794 1051 833 protinus,

582 839 734 881 Laetare,
762 842 843 873 caeli
869 842 991 882 regina,

584 887 666 927 Quia
691 889 834 921 surrexit
860 889 1027 923 Dominus.

724 975 887 1009 XCVIII.

136 1040 217 1074 979.
233 1039 390 1072 Dominus
417 1049 476 1072 rex
500 1041 660 1073 iudicabit
833 1045 912 1077 982.
929 1044 1061 1076 Ianuam
1087 1047 1141 1077 tuo
1167 1046 1293 1078 servulo

230 1087 367 1120 Animas
396 1089 501 1121 cuncti
527 1090 651 1129 populi,
928 1093 1067 1131 Aperias
1093 1093 1126 1125 in
1153 1094 1272 1136 patria,

233 1135 357 1177 Corpus
385 1140 528 1169 nostrum
555 1135 747 1170 reformabit
928 1141 992 1173 Per
1017 1149 1111 1181 quarn
1136 1140 1216 1173 lucis
1244 1142 1390 1174 cubiculo

230 1184 352 1217 Beatus
378 1188 491 1217 auctor
516 1186 649 1218 saeculi.
929 1188 1036 1221 Ovans
1062 1191 1151 1221 tenet
1177 1190 1339 1222 caelestia.

136 1263 216 1297 980.
232 1262 361 1295 Saeculi
385 1264 504 1296 iustum
529 1264 670 1296 iudicem
833 1265 912 1298 983.
930 1265 1101 1309 Caelestia,
1128 1267 1297 1298 terrestria

232 1311 360 1344 Offendi
385 1312 486 1344 multo
512 1313 647 1353 scelere,
927 1314 991 1346 Per
1016 1318 1048 1346 te
1073 1312 1154 1346 fiunt
1179 1314 1319 1355 stabilia,

233 1359 297 1393 Sed
324 1360 403 1392 mihi
428 1361 523 1400 placa
548 1361 722 1401 vindicem,
927 1361 1043 1404 Maria,
1072 1363 1123 1394 cui
1147 1371 1208 1402 per
1233 1364 1339 1395 omnia

230 1409 333 1441 Beata
359 1411 463 1441 mater
487 1418 666 1443 munerum.
928 1410 1038 1443 Omnis
1064 1410 1167 1443 honor
1193 1415 1225 1442 et
1250 1411 1362 1451 gloria.

136 1486 216 1520 981.
231 1486 370 1518 Munere
397 1495 454 1519 nos
480 1489 662 1519 sustentare
831 1486 913 1520 984.
929 1486 1041 1519 Gloria
1066 1495 1197 1519 manens
1221 1489 1378 1520 immensa

229 1535 313 1577 Tuo,
340 1535 441 1576 virgo,
471 1535 631 1573 continua,
927 1535 1027 1568 Vobis
1053 1544 1073 1567 a
1098 1536 1214 1568 vestris
1241 1536 1389 1578 subditis,

231 1582 280 1614 Tu
305 1583 452 1624 paradisi
478 1583 591 1624 altare,
925 1583 990 1615 Fili
1016 1593 1107 1626 pure,
1135 1587 1237 1617 mater
1264 1594 1354 1627 pura,

230 1631 280 1663 Tu
306 1632 392 1672 regis
417 1632 476 1663 alti
500 1631 606 1664 ianua.
926 1633 985 1672 Qui
1012 1633 1133 1665 caelum
1160 1633 1259 1665 verbo
1287 1634 1448 1667 clauditis.

731 1718 863 1753 XCIX.

134 1787 372 1822 985.Iubilate
397 1788 470 1820 Iesu
496 1788 603 1828 matri,
830 1789 910 1822 987.
926 1788 1040 1821 Omnia
1065 1796 1124 1827 per
1149 1789 1182 1818 te
1207 1788 1370 1820 laetantur

232 1835 373 1868 Cunctae
400 1835 519 1869 Christi
546 1835 697 1880 familiae,
926 1836 1016 1870 Caeli
1043 1836 1158 1868 civium
1183 1836 1323 1878 agmina,

228 1884 276 1917 Ut
301 1885 419 1918 vivatis
445 1884 515 1918 Deo
541 1885 627 1925 patri
924 1885 969 1917 Et
991 1884 1136 1917 homines
1160 1884 1388 1926 iucundantur,

231 1934 295 1968 Per
321 1933 405 1966 hanc
432 1934 557 1966 reducti
585 1935 718 1975 gratiae.
925 1934 950 1966 Ο
979 1933 1119 1973 gloriosa
1147 1933 1285 1968 domina.

131 2014 212 2048 986.
229 2011 364 2045 Gratiae
388 2015 533 2044 nostrum
558 2012 671 2045 inanes
830 2013 910 2046 988.
925 2011 1074 2053 Domina,
1105 2012 1146 2044 da
1171 2011 1248 2043 mihi
1274 2020 1330 2044 reo

226 2060 304 2094 Sine
329 2061 403 2094 Iesu
428 2066 504 2094 sunt
528 2060 645 2104 gratia,
923 2060 1135 2093 Remissionis
1160 2060 1310 2100 gratiam,

228 2109 307 2149 Qua,
334 2109 452 2152 Maria,
479 2111 577 2150 plena
601 2119 725 2150 manes,
925 2109 969 2142 Ut
995 2109 1055 2141 tibi
1083 2109 1189 2141 datam
1215 2119 1235 2141 a
1259 2108 1329 2141 Deo

226 2158 263 2192 In
291 2167 355 2199 qua
379 2156 536 2191 reflorent
558 2159 675 2192 omnia.
924 2157 1071 2190 Laudem
1096 2158 1364 2190 misericordiam.

780 2244 816 2278 C.

130 2316 211 2351 989.
226 2314 487 2348 Misericordiam
512 2313 574 2347 Dei
828 2313 909 2347 990.
924 2313 1060 2346 Munere
1087 2315 1142 2345 tuo
1167 2311 1316 2344 suffultus

225 2363 311 2398 Reos
338 2361 420 2395 facis
447 2363 626 2404 percipere,
926 2361 1039 2395 Carnis
1066 2361 1192 2401 spernit
1215 2361 1420 2407 participem,

227 2413 287 2453 Qui
313 2413 377 2445 iam
404 2412 492 2454 pleni
518 2420 578 2452 per
603 2414 636 2443 te
661 2411 732 2454 spei
926 2410 1054 2443 Saeculi
1079 2409 1161 2451 fugit
1185 2410 1351 2453 tumultus,

224 2462 329 2496 Deum
357 2460 501 2494 fatentur
524 2469 667 2496 munere.
925 2459 1043 2492 Mundi
1068 2459 1247 2499 triumphat
1269 2460 1462 2501 principem.
