1655 2726
650 106 914 142 —231—

111 195 138 231 4,
164 196 178 225 1
207 198 273 226 fons
299 200 476 229 clementiae
500 201 587 230 CDE.
615 219 653 223 —
677 201 705 237 4,
731 202 749 230 2
776 203 919 232 bonitatis
939 205 976 233 D.
998 220 1035 226 —-
1055 205 1082 241 4,
1104 203 1122 235 3
1147 207 1312 243 Reparator
1331 206 1447 241 patriae

113 235 177 272 OE,
207 237 373 274 Imperator
393 241 509 276 patriae
529 241 566 268 D.
595 255 632 260 -—
659 241 686 277 5,
707 242 726 270 3
756 245 860 271 matris
889 243 990 272 alwio
1020 243 1079 272 GE.
1110 259 1145 264 —
1177 244 1204 278 5,
1223 242 1244 272 4
1268 252 1338 271 mcx
1363 243 1446 271 Deus

113 275 181 321 DE:
202 292 239 296 —
261 274 286 311 6,
309 275 327 305 3
358 277 460 306 clauso
481 282 565 307 utero
588 279 676 308 CDE.
704 295 742 299 —
768 279 794 315 6,
815 280 835 309 4
863 290 932 310 mox
952 284 1124 319 processisti
1142 284 1180 312 D.
1210 299 1248 303 —
1277 281 1303 317 7,
1324 280 1343 311 2
1361 282 1446 310 recli-

112 322 194 342 nans
215 315 251 343 E.
275 331 307 336 —
332 316 391 345 Str.
413 316 431 344 7
459 326 488 345 n.
517 315 536 345 8
554 318 658 347 lauten
679 320 712 347 in
732 320 779 348 D:

144 361 171 390 7.
191 362 264 399 Ave,
286 373 339 401 pro
362 374 409 393 me
428 366 541 395 vilibus
841 366 868 396 8.
889 369 960 404 Ave,
983 378 1070 407 quem
1091 372 1236 398 exercitus

231 404 339 439 pannis
362 404 517 433 involutus
929 408 1041 436 salutat
1060 409 1242 446 angelorum,

191 440 335 470 Membris
358 443 549 472 infantilibus
888 446 925 474 In
944 449 1101 484 praesaepi
1121 449 1235 484 positus

230 483 353 517 propter
373 491 420 511 me
440 482 572 511 indutus.
927 486 982 513 sub
1002 486 1089 514 foeno
1110 486 1318 514 iumentorum.

115 524 141 561 9,
163 526 183 555 4
203 530 341 564 provisus
363 530 401 558 D.
423 545 460 550 -—
483 529 527 565 10,
549 529 570 558 4
587 540 641 568 per
662 532 737 561 fehlt
756 532 815 561 OE.
837 548 874 553 —-
894 533 952 561 Str.
976 531 1011 562 10
1030 533 1126 562 lautet
1145 534 1177 560 in
1197 534 1238 561 D:

516 577 561 607 10.
582 581 655 615 Ave,
675 582 726 609 cui
743 590 869 610 munera

620 621 679 647 tres
700 628 785 657 reges
805 620 904 649 ferunt
922 621 989 655 tria,

582 658 677 692 Quem
697 667 797 695 regem
820 667 910 695 super
930 659 1030 688 sidera

619 696 748 725 fatentur
767 700 865 726 mente
884 699 945 734 pia.

115 740 174 769 Str.
199 740 232 769 11
254 742 330 771 fehlt
346 743 384 771 D.
405 758 444 763 —
467 741 510 779 11,
526 741 544 770 2
564 745 699 773 adoraris
722 744 758 781 C;
780 747 924 774 recrearis
944 745 980 774 E.
1002 760 1039 766 —
1062 744 1107 780 11,
1120 743 1139 773 3
1159 746 1184 773 A
1206 747 1313 782 quibus
1329 745 1387 773 OE.
1407 761 1446 766 —-

120 778 164 814 11,
178 778 199 807 4
212 784 364 810 veneraris
385 782 416 811 O.
437 797 476 802 —
496 783 553 812 Str.
577 782 613 811 12
633 783 730 812 lautet
748 786 781 812 in
800 785 844 812 D:

516 829 560 859 12.
582 832 654 867 Ave,
678 841 765 869 quem
786 841 931 870 puerpera

617 871 650 898 in
670 871 813 907 templum
835 872 1045 908 praesentavit,

587 909 681 944 Quem
702 910 734 936 in
755 909 841 938 ulnas
862 908 984 938 Simeon

621 948 792 985 complexus
813 948 1004 985 praedicavit.

119 990 164 1029 13,
185 991 203 1021 3
225 994 369 1030 angelicis
389 994 426 1022 E.
455 1010 491 1013 —
517 994 576 1023 Str.
599 992 635 1023 13
654 996 715 1024 und
737 994 775 1023 14
802 995 974 1032 umgestellt
994 996 1024 1024 Ο.
1052 1011 1092 1015 -
1122 993 1166 1030 15,
1191 994 1206 1023 1
1227 998 1296 1031 post
1315 994 1446 1024 triduum

118 1031 178 1059 ΟΕ.
189 1047 225 1051 -
240 1031 283 1066 15,
296 1031 316 1060 4
329 1033 509 1069 amplexaris
520 1034 556 1061 D.
564 1048 603 1053 —
616 1032 660 1068 16,
671 1032 689 1062 3
700 1033 740 1061 Et
749 1043 785 1062 ex
795 1036 867 1062 tunc
876 1042 895 1061 a
904 1035 942 1062 D.
950 1049 990 1054 —
1003 1034 1088 1063 Nach
1099 1035 1157 1063 Str.
1169 1033 1205 1062 16
1215 1034 1331 1062 schiebt
1341 1035 1368 1062 D
1384 1035 1446 1061 ein:

579 1082 653 1116 Ave,
674 1083 726 1119 qni
746 1091 800 1119 per
819 1082 963 1118 plurimos

617 1128 711 1148 annos
732 1121 900 1149 transivisti

578 1158 692 1187 Vivens
712 1160 791 1187 inter
833 1160 957 1187 essimos

618 1198 653 1224 ut
672 1206 782 1235 agnum
816 1195 858 1234 te]
878 1198 1009 1233 gessisti.

112 1243 171 1272 Str.
187 1242 223 1272 ’.18
244 1244 319 1273 fehlt
337 1246 375 1273 D.
398 1260 433 1263 —
458 1242 501 1280 18,
516 1242 537 1272 4
553 1246 649 1281 primo
672 1244 731 1273 OE.
755 1259 791 1265 —·
814 1243 857 1280 19,
874 1242 892 1271 2
911 1246 990 1273 veris
1012 1246 1175 1273 coruscasti
1198 1244 1256 1273 OE.
1278 1259 1316 1264 ——
1337 1245 1394 1274 Str.
1409 1243 1447 1274 20

112 1282 188 1311 fehlt
212 1284 249 1311 D.
277 1299 315 1303 —
342 1282 396 1319 21,
418 1282 437 1311 2
462 1283 612 1312 Lazarum
642 1284 794 1312 suscitasti
817 1284 851 1312 B.
882 1299 920 1303 —
950 1281 996 1318 31,
1021 1281 1040 1312 3
1070 1292 1113 1321 sq.
1143 1284 1201 1311 Per
1229 1283 1307 1320 quod
1331 1285 1449 1321 signum

112 1324 276 1351 maximum
289 1323 417 1351 Iudaeos
438 1324 596 1351 concitasti
610 1321 697 1351 BCE.
718 1337 756 1342 —
778 1320 823 1356 22,
838 1320 857 1350 4
877 1326 947 1359 post
966 1323 1115 1351 modicum
1128 1322 1167 1351 D.
1187 1336 1225 1341 —-
1246 1321 1327 1351 Statt
1339 1323 1397 1352 Str.
1413 1321 1450 1351 23

112 1360 167 1388 hat
186 1362 215 1390 D
233 1362 373 1398 folgende
386 1362 475 1390 zwei:

192 1409 264 1445 Ave,
285 1410 355 1438 Iesu
376 1411 494 1446 optime,
890 1409 964 1444 Ave,
986 1410 1038 1446 qui
1058 1409 1235 1437 cenantibus

232 1449 304 1484 Ave,
325 1450 396 1477 Iesu
414 1449 504 1483 bone,
930 1451 1028 1477 tecum
1047 1449 1079 1475 te
1099 1447 1217 1483 dedisti,

193 1488 322 1516 Rem-um
343 1488 560 1525 benignissime
891 1488 960 1515 Hoc
979 1486 1067 1515 dulce
1086 1486 1174 1514 nobis
1196 1487 1332 1515 omnibus

235 1526 381 1555 Defensor
401 1529 433 1554 et
449 1528 584 1563 patrone.
930 1527 1040 1563 pignus
1060 1525 1220 1562 reliquisti.

111 1574 157 1611 24,
181 1573 199 1605 3
213 1576 366 1604 vinculum
380 1575 417 1603 D.
432 1589 470 1594 -——
484 1572 531 1610 26,
542 1573 562 1602 4
574 1574 768 1611 proclamaris
779 1574 815 1603 E.
829 1589 869 1594 —
882 1573 963 1603 Statt
976 1573 1032 1603 Str.
1047 1571 1086 1602 26
1100 1574 1153 1602 hat
1165 1574 1193 1601 D
1209 1573 1347 1611 folgende
1358 1575 1449 1603 zwei:

193 1624 266 1658 Ave,
287 1633 340 1652 rex
358 1623 518 1658 liberrime,
892 1623 966 1657 Ave,
988 1624 1040 1659 qui
1061 1622 1211 1650 iudicibus

234 1663 287 1701 qui
306 1664 425 1691 vinctus
445 1662 602 1691 ducebaris
929 1662 976 1690 bis
996 1661 1078 1689 binis
1098 1661 1298 1697 praesentaris

194 1701 398 1738 Scelestisque
415 1702 555 1730 manibus
890 1701 934 1728 Et
951 1700 1086 1737 profanis
1105 1699 1197 1728 labiis

232 1744 267 1769 ut
286 1740 363 1769 latro
385 1740 573 1768 tractabaris.
929 1739 1004 1767 false
1025 1739 1204 1767 criminaris.

111 1788 158 1825 27,
182 1789 202 1818 2
222 1791 309 1826 sputo
331 1789 427 1825 ODE3
454 1789 635 1817 deformatur
653 1788 719 1817 DE.
747 1803 784 1810 -—
812 1787 860 1823 27,
882 1786 902 1815 4
920 1796 1020 1824 panno
1041 1786 1131 1816 CDE.
1157 1802 1197 1806 —
1215 1784 1262 1823 28,
1284 1786 1300 1815 1
1322 1795 1366 1824 sq.
1387 1787 1451 1816 Ave

115 1831 201 1858 cuius
222 1829 359 1857 inclitum
379 1836 486 1865 corpus
511 1830 556 1856 est
575 1828 702 1864 ligatum
724 1826 812 1856 CDE.
834 1843 873 1848 —
900 1825 945 1862 29,
962 1824 977 1855 1
999 1835 1146 1862 puerpera
1164 1827 1201 1854 D.
1223 1840 1262 1845 —
1282 1824 1309 1860 3,
1327 1824 1342 1853 1
1364 1827 1449 1855 euius

114 1868 212 1897 denuo
226 1868 264 1896 D.
285 1882 323 1886 —
343 1864 390 1902 31,
404 1866 425 1895 4
441 1869 472 1896 et
489 1866 615 1904 pedibus
627 1866 699 1902 DE3
720 1866 848 1904 ligatum
864 1867 903 1895 D.
922 1883 960 1887 —
980 1865 1067 1894 Nach
1080 1864 1139 1893 Str.
1159 1862 1197 1893 31
1211 1864 1328 1894 schiebt
1340 1866 1367 1893 D
1384 1866 1448 1894 ein:

574 1916 646 1950 Ave,
668 1916 721 1950 qui
741 1915 887 1944 amabiles

614 1962 721 1983 manus
742 1954 914 1990 expandisti

575 1993 618 2022 Et
637 2002 749 2030 poenas
768 1992 957 2022 miserabiles

614 2033 702 2061 corde
725 2032 886 2070 pertulisti.

115 2081 163 2118 32,
180 2082 195 2111 1
217 2082 281 2111 Ave
300 2082 334 2110 Β.
356 2098 393 2103 —-
413 2079 459 2116 32,
475 2078 493 2107 2
514 2082 625 2117 pariter
646 2083 676 2109 et
689 2082 727 2110 D.
747 2096 787 2101 —
806 2078 854 2115 32,
868 2079 888 2109 4
907 2079 1059 2116 profluunt
1071 2079 1108 2107 D.
1130 2093 1165 2098 -
1187 2077 1234 2113 33,
1251 2077 1266 2106 1
1281 2079 1345 2107 Ave
1357 2079 1395 2107 D.
1409 2094 1449 2098 —

111 2119 158 2157 33,
179 2120 198 2150 2
219 2122 305 2150 clavo
327 2120 388 2149 GE..
415 2136 454 2141 —
478 2117 527 2153 33,
547 2117 566 2148 3
588 2120 630 2149 Et
655 2122 688 2148 in
708 2121 804 2149 crucis
826 2120 888 2147 GE.
909 2135 945 2139 —
964 2115 1012 2153 33,
1031 2117 1052 2147 4
1071 2118 1231 2146 concellati
1242 2118 1281 2146 D.
1303 2134 1341 2139 -
1361 2116 1409 2152 34,
1429 2116 1447 2147 3

112 2162 191 2190 mori
204 2161 239 2189 B.
261 2175 298 2180 —-
319 2158 365 2195 34,
380 2158 400 2187 4
419 2162 479 2188 tuis
500 2159 667 2196 deprecaris
683 2159 745 2195 GE;
768 2160 818 2196 pie
838 2158 1006 2195 deprecaris
1025 2159 1064 2186 D.
1085 2172 1123 2177 —
1143 2154 1191 2191 36,
1206 2156 1221 2185 1
1238 2165 1281 2193 sq.
1302 2156 1373 2192 Ave,
1395 2159 1448 2194 qui

110 2200 259 2238 discipulo
288 2202 411 2228 matrem
438 2198 652 2227 commendasti
674 2199 713 2227 D.
740 2213 779 2217 —
805 2195 851 2232 37,
875 2196 892 2225 2
917 2199 969 2234 qui
994 2196 1068 2225 fehlt
1086 2195 1122 2225 Ε.
1148 2211 1187 2215 -
1214 2194 1260 2230 37,
1284 2194 1302 2224 3
1323 2197 1447 2225 amaris-

110 2241 195 2269 simis
218 2238 277 2267 OE.
298 2255 336 2259 —
357 2237 404 2272 37,
424 2237 445 2266 4
464 2237 580 2274 poculis
602 2237 661 2267 OE.
682 2251 722 2257 —
741 2237 802 2266 Str.
824 2234 862 2265 38
882 2236 958 2265 fehlt
969 2235 1003 2264 B.
1024 2251 1061 2255 —
1082 2233 1127 2271 39,
1152 2233 1167 2262 1
1189 2244 1255 2263 cum
1275 2234 1350 2264 fehlt
1364 2235 1394 2263 O.
1409 2251 1446 2255 —

110 2278 170 2307 Str.
191 2276 228 2307 39
249 2279 345 2306 lautet
364 2279 397 2306 in
418 2278 462 2305 D:

575 2325 647 2357 Ave,
669 2325 789 2354 tradens
813 2326 951 2362 spiritum

613 2366 693 2402 patri
713 2364 936 2399 commendasti,

577 2405 659 2442 Opus
679 2404 736 2432 tibi
755 2403 899 2432 creditum

611 2444 660 2481 pie
681 2442 904 2472 consummasti.
