1655 2726
771 136 1031 172 —142—

841 235 965 268 XXXI.

248 315 327 348 218.
342 314 445 352 Beati,
472 322 604 354 quorum
630 314 763 352 peccata

342 361 492 394 Remittis
516 361 579 393 tuis
604 359 765 400 precibus,

341 409 456 453 Maria,
484 410 572 450 virgo
598 409 703 446 beata,

343 457 456 490 Suavis
482 456 728 498 paenitentibus¹

249 525 327 559 219.
342 525 585 557 Paenitentibus
609 523 748 556 libenter

342 573 428 613 iugis
455 582 581 605 manum
607 573 663 605 das
689 571 825 610 roboris,

343 620 465 653 Nautes
489 621 765 661 supereminenter

344 667 554 702 Conformans
584 677 697 710 pacem
723 667 875 708 pectoris.

251 738 331 769 220.
347 737 490 769 Pectoris
514 745 600 768 nunc
622 744 736 776 pacem
759 743 854 775 pone,

345 785 495 817 Paratrix
520 784 761 825 tranquilitatis,

345 832 449 864 Multa
475 833 681 865 tribulatione

347 879 584 913 Circumdatum
608 890 667 921 pro
693 879 845 920 peccatis.

934 311 1015 344 221.
1032 310 1176 342 Peccatis
1201 319 1236 341 se
1262 307 1445 341 fabularum

1030 358 1182 391 Monachi
1208 357 1338 398 quidam
1364 354 1534 387 foedantes

1028 405 1228 438 Daemonum
1254 404 1389 436 verbum
1414 411 1558 435 amarum

1028 454 1213 486 Audierunt
1235 452 1435 492 navigantes.

934 523 1015 555 222.
1031 521 1228 561 Navigantes
1254 527 1333 551 voce
1358 519 1415 558 pia

1030 569 1168 602 Mariam
1193 568 1426 600 invocaverunt

1028 617 1075 650 Et
1099 617 1226 658 vigente
1248 618 1292 658 te,
1317 615 1436 658 Maria,

1029 664 1208 698 Daemonia
1231 666 1446 698 recesserunt.

936 735 1016 768 223.
1029 734 1138 767 Erunt
1162 732 1202 765 ob
1229 732 1290 764 hoc
1315 741 1335 764 a
1359 731 1467 764 Maria

1031 782 1142 823 Longe
1168 789 1330 821 nunquam
1354 779 1435 813 haec
1458 779 1556 819 labia,

1031 830 1096 862 Sed
1121 830 1207 862 omni
1233 829 1303 861 loco
1330 831 1363 859 et
1387 828 1442 861 via

1031 879 1078 910 Te
1105 878 1292 919 depromam
1319 885 1390 909 cum
1416 876 1529 917 gloria.

593 949 673 983 224.
690 947 802 980 Gloria
826 946 897 986 tibi,
926 947 1065 989 domina,

688 997 774 1036 Quae
798 1004 858 1036 per
881 995 945 1027 iter
969 995 1141 1035 impiorum

689 1043 821 1084 Spargis
846 1044 969 1083 gratiae
994 1043 1125 1083 semina,

687 1092 734 1125 Ut
758 1094 892 1124 noscant
916 1092 985 1124 vias
1009 1091 1176 1123 iustorum.

836 1177 977 1211 XXXII.

254 1246 335 1279 225.
349 1244 521 1277 Exsultate
546 1253 682 1285 semper,
709 1245 794 1283 iusti,

350 1293 389 1325 In
414 1293 538 1333 virgine
562 1296 627 1325 tam
652 1291 808 1333 perfecta,

350 1340 436 1379 Quae
461 1341 581 1373 fontem
605 1342 710 1373 luctus
734 1341 854 1372 vetusti

348 1389 490 1422 Siccavit
513 1391 616 1421 mater
642 1389 764 1423 effecta.

253 1457 332 1489 226.
346 1455 472 1488 Effecta
497 1465 570 1496 spes
593 1456 779 1497 labentium,

346 1504 458 1545 Virgo,
494 1505 662 1537 convertas
686 1504 831 1547 iniustos,

349 1552 396 1585 Ut
421 1552 512 1584 iuxta
537 1553 623 1585 vitae
646 1552 792 1584 bravium

349 1600 513 1633 Imitemur
539 1609 598 1641 per
621 1603 654 1632 te
673 1601 785 1633 iustos.

253 1669 453 1701 227.1ustos
479 1669 563 1701 enim
588 1668 732 1700 laudatio

352 1716 453 1748 Decet
479 1720 510 1748 et
535 1717 637 1748 honor
663 1715 809 1757 celebris,

349 1764 432 1803 Quid
459 1774 533 1805 ergo
557 1767 661 1796 tecum
688 1764 804 1804 gaudio

347 1812 455 1845 Iustos
480 1813 591 1845 reddis
617 1821 634 1844 e
658 1812 810 1846 tenebris,

254 1881 333 1915 228,
348 1879 505 1912 Tenebris
535 1880 644 1912 sedem
669 1879 810 1911 retinens

348 1928 454 1960 Ruina
478 1928 579 1960 multa
602 1928 753 1969 volvitur,

349 1976 413 2009 Sed
440 1979 473 2008 te
497 1977 601 2008 lucem
625 1985 690 2008 non
716 1976 864 2008 desinens

347 2025 402 2057 Ad
425 2024 578 2058 honorem
603 2024 745 2064 erigitur.

256 2094 335 2126 229.
352 2092 464 2133 Igitur,
493 2102 549 2125 cor
572 2101 688 2133 meum,
714 2091 797 2134 vide,

350 2140 434 2180 Quid
462 2142 591 2181 dignum
619 2140 717 2172 ducas
742 2140 870 2181 virgini,

350 2189 437 2228 Quae
461 2192 585 2221 rectum
609 2189 644 2220 in
669 2188 753 2220 bona
777 2187 843 2220 fide

349 2237 506 2278 Concepit
528 2237 662 2270 verbum
686 2236 826 2270 Domini.

253 2307 334 2341 230.
349 2304 479 2338 Domini
504 2305 577 2338 Iesu
604 2304 742 2346 dignitas

348 2354 412 2386 Per
436 2353 541 2394 ipsam
567 2353 610 2385 sit
634 2352 695 2385 tibi
720 2352 783 2393 pia,

348 2403 420 2435 Tua
445 2410 518 2443 ergo
545 2401 734 2442 supplicitas

348 2450 421 2482 Non
447 2451 581 2483 recedat
605 2460 624 2482 a
649 2449 765 2482 Maria.

938 1245 1018 1278 231.
1031 1244 1149 1284 Maria,
1176 1244 1270 1284 longe
1292 1245 1438 1284 quaesita

1033 1292 1079 1324 Es
1105 1292 1196 1333 aquis
1222 1301 1240 1324 a
1265 1291 1427 1331 fidelibus,

1033 1341 1084 1373 Ibi
1110 1341 1207 1372 micas
1230 1340 1286 1372 lux
1309 1341 1344 1373 in
1368 1342 1436 1373 vita

1032 1389 1201 1421 Miraculis
1224 1389 1418 1429 ingentibus.

941 1458 1020 1491 232.
1034 1456 1288 1498 Ingentibusque
1311 1457 1448 1490 testibus

1034 1504 1120 1537 Laus
1145 1503 1240 1537 floret
1263 1504 1470 1550 mirabilium,

1035 1553 1140 1592 Quare
1164 1553 1262 1585 tantis
1288 1553 1451 1586 liminibus

1035 1601 1132 1634 Plebs
1158 1605 1191 1633 te
1216 1605 1312 1634 vovet
1337 1604 1548 1645 credentium,

941 1671 1018 1703 233.
1034 1669 1240 1702 Credentium
1267 1671 1468 1710 pergentium

1034 1718 1098 1750 Per
1122 1721 1155 1749 te
1180 1718 1223 1750 ad
1248 1727 1337 1750 aram
1362 1720 1549 1760 Aquensem

1035 1766 1168 1806 Semper
1193 1769 1225 1797 et
1248 1766 1467 1811 participium,

1036 1814 1102 1853 Quo
1109 1814 1182 1854 plus
1192 1815 1321 1847 laudem
1329 1825 1418 1849 suam
1427 1826 1568 1857 pensem.

941 1883 1020 1915 234.
1035 1882 1183 1922 Pensem,
1210 1885 1330 1922 quanta
1355 1883 1410 1927 sis,
1436 1885 1553 1930 Maria,

1033 1930 1158 1962 Auxilii
1183 1939 1257 1971 spes
1282 1931 1439 1973 immensi,

1036 1978 1220 2019 Propitians
1245 1988 1306 2020 ope
1331 1980 1387 2022 pia

1036 2026 1164 2060 Dudum
1190 2027 1327 2060 Iohanni
1351 2029 1504 2065 Metensi.

942 2096 1021 2128 235.
1036 2095 1117 2127 Ensi
1141 2096 1376 2136 persecutionis

1035 2143 1120 2176 Dato
1146 2153 1201 2176 reo
1227 2145 1306 2177 trita
1330 2146 1385 2179 via

1035 2191 1208 2233 Unguenta
1232 2195 1436 2235 purgationis

1036 2239 1163 2273 Poenae
1187 2251 1246 2283 per
1273 2246 1306 2275 te
1331 2248 1416 2286 sunt,
1442 2246 1562 2281 Maria.

943 2309 1021 2342 236.
1037 2308 1154 2352 Maria,
1181 2310 1256 2343 Iesu
1281 2312 1397 2353 gratia,

1036 2357 1115 2398 Pax,
1149 2357 1274 2403 foedus,
1301 2360 1393 2400 pacis
1419 2362 1575 2401 osculum,

1037 2406 1107 2438 Tua
1131 2407 1358 2440 misericordia

1036 2454 1213 2487 Redundat
1237 2465 1331 2488 omne
1356 2457 1529 2492 saeculum.
