1655 2726
704 123 964 159 —253—

795 240 873 274 XII.

194 313 226 346 1.
243 311 368 355 Gaude,
396 315 487 348 Iesus
513 316 740 358 Magdalenam
890 318 921 352 6.
938 316 1061 359 Gaude,
1087 318 1194 350 lumen
1220 326 1314 351 caeco
1339 320 1415 351 nato

238 360 293 395 Ad
320 372 355 395 se
381 364 483 396 traxit
507 364 556 397 illi
583 373 722 404 poenam
936 366 1025 398 Iesus
1052 365 1152 410 dedit,
1179 375 1240 406 quo
1265 366 1395 408 vulgato

287 410 481 444 Oondonans
509 415 542 445 et
563 413 712 454 gratiam.
984 413 1085 446 Fama
1110 413 1160 446 sui
1185 414 1296 455 viguit.

191 488 222 521 2.
239 486 363 533 Gaude,
390 489 483 522 multi
510 492 741 524 convertuntur
889 491 919 525 ¹7.
936 490 1058 530 Gaude,
1085 491 1175 523 Iesus
1199 490 1381 531 hospitatur

240 535 269 568 A
294 537 438 576 peccatis
465 540 498 570 et
522 541 699 579 sequuntur
935 538 1040 572 Domo
1064 538 1224 579 Marthae,
1252 547 1333 580 quae
1357 539 1498 571 laetatur

287 584 349 618 Tui
373 586 442 618 nati
467 587 623 627 sophiam.
983 586 1034 619 De
1058 589 1123 619 tam
1151 586 1238 619 dulci
1261 586 1398 627 hospite.

190 663 223 695 3.
240 660 366 704 Gaude,
394 663 486 696 vivus
515 665 590 697 dum
617 665 758 704 resurgit
889 667 920 700 8.
937 663 1060 707 Gaude,
1086 664 1156 696 zelo
1181 664 1255 696 Iesu
1280 663 1376 703 plena

236 709 389 744 Marthae
415 710 541 753 frater3
568 712 616 744 sic
642 713 806 753 consurgit
936 712 1040 746 Unxit
1062 712 1168 752 ipsum
1193 711 1390 753 Magdalena

285 758 347 791 Tui
373 760 440 792 nati
464 760 577 801 gloria.
986 760 1155 800 Unguento
1181 760 1214 792 in
1242 760 1358 801 capite.

184 837 219 869 4.
239 834 365 879 Gaude,
391 836 482 870 Iesus
508 846 610 878 pauco
636 846 730 878 pane,
888 840 920 873 9.
935 837 1059 878 Gaude,
1085 838 1177 871 Iesus
1202 835 1424 874 confirmabat,

236 883 330 917 Pisce
355 893 481 926 quoque
508 885 595 919 cibat
619 895 698 918 sane
932 885 1033 925 Quam
1060 885 1239 918 doctrinam
1265 884 1486 926 praedicabat,

283 932 378 966 Viros
404 934 545 974 quinque
569 934 668 969 milia.
983 933 1135 967 Plurimis
1160 932 1335 966 miraculis.

186 1013 217 1044 5.
235 1009 360 1051 Gaude,
386 1010 494 1043 Iesum
521 1012 609 1044 ultra
632 1020 723 1044 mare
864 1012 917 1044 10.
935 1010 1058 1054 Gaude,
1085 1011 1159 1043 Iesu
1185 1010 1334 1043 obviatur

234 1058 331 1092 Plebs
359 1057 477 1092 devota
503 1068 659 1092 coronare
931 1058 977 1090 Et
1002 1068 1073 1092 cum
1099 1059 1216 1099 palmis
1243 1059 1434 1091 decantatur

280 1106 402 1148 Regem
428 1107 491 1139 sibi
515 1107 627 1141 voluit.
977 1108 1131 1140 Hosanna
1157 1116 1176 1139 a
1200 1105 1340 1147 populis.

509 1184 642 1218 11.Pia
668 1187 783 1227 mater,
809 1193 875 1217 non
899 1185 975 1217 elati

582 1232 698 1274 Simus,
725 1233 822 1266 immo
850 1233 949 1266 corde
973 1232 1079 1272 strati,

627 1281 775 1314 Humiles
803 1290 874 1314 cum
901 1281 1056 1322 parvulis.

784 1399 880 1433 XIII.

182 1477 212 1510 1.
230 1477 354 1518 Gaude,
374 1477 493 1517 Iesum,
517 1486 611 1517 quem
629 1476 797 1519 planxisti,
885 1478 917 1510 6.
933 1474 1057 1515 Gaude,
1084 1474 1176 1507 vides
1201 1474 1297 1507 Adae
1321 1477 1414 1507 natos

231 1525 428 1558 Suscitatum
454 1528 491 1557 tu
515 1525 629 1558 vidisti
930 1524 1025 1559 Tunc
1048 1532 1068 1555 a
1091 1523 1167 1556 lesu
1190 1522 1346 1555 liberatos

281 1573 361 1607 Cum
388 1572 527 1615 fulgenti
555 1574 669 1615 gloria.
979 1573 1058 1614 Iugo
1084 1574 1174 1605 tanto
1199 1571 1366 1613 temporis.

184 1654 217 1685 2.
232 1651 358 1694 Gaude,
385 1651 491 1691 prima
517 1651 648 1684 visitata
883 1653 915 1685 7.
932 1650 1055 1691 Gaude,
1082 1650 1175 1683 Iesus
1201 1652 1308 1682 tecum
1333 1649 1419 1683 sedit

230 1701 278 1733 Es
303 1709 324 1732 a
348 1700 432 1744 Iesu,
461 1700 627 1732 consolata
931 1699 1046 1733 Monte
1071 1698 1147 1731 Sion
1174 1701 1206 1730 et
1232 1698 1371 1731 comedit

281 1748 396 1782 Cincto
421 1748 503 1781 caeli
529 1749 628 1783 curia.
955 1748 1077 1780 Tecum
1102 1747 1219 1789 grandi
1243 1746 1373 1789 gaudio.

187 1829 219 1862 3.
235 1827 359 1871 Gaude,
387 1827 514 1867 palpaS,
542 1827 708 1873 oscularis,
884 1828 914 1861 8.
933 1825 1049 1859 Gaude
1073 1825 1147 1857 Iesu
1173 1825 1379 1867 ascendente,

230 1875 344 1917 Virgo,
371 1877 475 1907 mater
496 1874 680 1916 singularis,
930 1874 991 1915 Qui
1015 1874 1050 1907 in
1077 1875 1200 1907 caelum
1226 1876 1260 1906 te
1284 1873 1419 1907 vidente

279 1924 384 1957 Tuum
411 1924 536 1957 dulcem
565 1923 676 1960 filium,
978 1923 1071 1956 Motu
1097 1921 1202 1955 fertur
1224 1923 1369 1964 proprio.

183 2007 216 2039 4.
232 2002 357 2047 Gaude,
384 2001 484 2045 virgo,
512 2002 586 2035 Iesu
613 2003 689 2036 data
884 2003 915 2037 9.
932 2000 1055 2046 Gaude,
1083 2004 1198 2042 portae
1222 2001 1316 2034 nobis
1341 2010 1401 2042 per
1425 2004 1458 2034 te

230 2051 340 2094 Caelo,
366 2050 465 2083 terris
491 2053 524 2082 et
548 2050 676 2084 firmata
931 2050 1080 2084 Paradisi
1106 2051 1181 2082 sunt
1206 2052 1339 2090 apertae

277 2100 446 2133 Potestate
471 2100 622 2134 omnium.
979 2099 1118 2132 Clausae
1141 2106 1203 2141 per
1226 2101 1277 2131 tot
1300 2099 1440 2132 saecula.

180 2181 212 2213 5.
229 2178 354 2220 Gaude,
382 2177 487 2210 cernis
513 2179 702 2211 suscitatum
853 2178 908 2212 10.
924 2177 1049 2219 Gaude,
1075 2177 1180 2209 cernis
1207 2176 1397 2210 comitantes

224 2229 329 2262 Laeta
353 2226 481 2268 Ioseph,
509 2226 695 2261 decoratum
923 2228 1030 2261 Iesum
1057 2228 1181 2268 patres,
1208 2227 1417 2268 penetrantes

276 2275 367 2309 Stola
391 2275 440 2307 sui
466 2277 623 2316 corporis.
971 2274 1061 2307 Caeli
1086 2274 1310 2308 tabernacula.

507 2353 563 2388 11.
580 2354 640 2388 Pia
665 2356 783 2396 mater,
811 2362 1020 2395 agnoscamus

577 2402 713 2437 Nosmet
739 2412 811 2436 esse
837 2405 870 2435 et
896 2403 1039 2436 dicamus

629 2452 767 2486 Putrida
791 2450 993 2493 corpuscula.
