1655 2726
202 216 257 250 37.

206 438 263 470 38.

200 658 255 691 39.

202 879 257 911 40.

198 1099 255 1134 41.

199 1322 256 1355 42.

200 1544 255 1577 453.

722 135 764 142 -
816 114 863 152 94
914 135 952 141 ,1

888 214 944 248 44.

285 214 413 250 Decora
438 215 523 249 mala
547 215 672 259 punica,

330 263 470 296 Oedrina
494 266 550 295 tua
573 272 670 304 poma

281 312 363 345 Fers
387 313 422 344 in
446 312 543 344 talari
566 311 686 352 tunica,

331 360 418 400 Quae
443 359 547 400 spirat
571 362 608 392 ut
633 368 752 393 aroma.

290 434 315 471 Ο
344 440 496 477 quantum
521 438 609 469 tuum
634 436 764 477 pallium

329 485 390 517 Est
416 483 572 528 fragrans,
601 485 635 517 in
660 493 720 525 quo
738 484 818 525 legis

283 533 332 565 Tu
354 533 423 565 lilia
448 533 650 575 convallium,

330 581 465 613 Aeterni
487 589 606 620 sponsa
629 580 723 622 regis.

282 654 432 697 munitas,
460 658 560 698 virgo,
587 658 688 690 violas

333 705 501 746 Carpescis
528 706 720 748 redolentes,

284 753 473 786 Recondens
499 753 556 785 has
581 753 612 785 in
639 753 730 785 fialas

332 801 503 834 Praeclare
528 801 722 834 renidentes.

285 875 449 919 Ingenuae
475 877 641 911 rubedinis

333 926 510 968 Garpescis,
539 935 623 965 ecce,
649 936 749 968 rosas,

285 975 458 1009 Vernantis
485 976 517 1006 et
542 975 701 1007 albedinis

329 1023 522 1063 Plerumque
551 1023 722 1063 speciosas,

283 1097 436 1139 NovelliS‚
462 1100 562 1140 virgo,
589 1097 722 1132 floribus

330 1147 486 1189 Respiras
512 1147 701 1189 constipata,

281 1196 332 1228 De
357 1205 489 1236 quorum
514 1198 549 1227 tu
575 1196 734 1227 coloribus

331 1244 532 1284 Resplendes
557 1244 724 1276 adornata.

281 1318 442 1363 Virgultis
466 1321 498 1353 in
524 1319 712 1353 umbraticis

329 1369 381 1401 Ab
409 1378 480 1401 esca
506 1369 691 1410 requiescis,

282 1419 320 1451 In
346 1417 448 1449 hortis
474 1416 657 1449 aromaticis

331 1464 435 1498 Suave
460 1464 647 1497 redolescis.

281 1540 347 1577 Sub
373 1541 487 1575 umbra
509 1542 555 1573 tui
579 1540 714 1574 thalami

329 1591 388 1635 Tu,
415 1590 515 1633 virgo,
542 1591 643 1622 mater
668 1589 763 1632 alma,

282 1639 376 1672 Nunc
401 1638 549 1671 redolent
574 1640 606 1670 et
630 1637 744 1670 calami

330 1688 410 1721 Cum
430 1695 549 1725 murra,
576 1688 676 1730 gutta,
698 1686 816 1725 palma.

890 438 946 470 45.

890 658 946 692 46.

891 879 946 911 47.

890 1100 946 1132 48.

889 1321 946 1353 49.

891 1541 945 1574 50.

972 210 1050 254 Tus,
1076 215 1212 257 myrtus,
1238 210 1359 245 nardus
1380 209 1506 253 pistica,

1021 262 1100 297 Cum
1124 263 1237 295 stactis
1262 258 1485 293 therebinthus

971 310 1016 342 Et
1040 319 1156 344 scorax
1180 320 1245 343 non
1269 305 1445 350 sophistica

1019 358 1194 399 Respirant
1217 358 1297 390 illuc
1319 356 1416 388 intus.

972 431 1113 468 Excelsa
1139 436 1253 468 cedrus
1278 433 1405 474 Libani,

1020 483 1197 525 Cupressus
1222 492 1261 515 ac
1286 482 1380 520 oliva,

973 532 1114 564 Ramosa
1137 530 1228 565 frons
1253 530 1374 564 olibani

1020 580 1210 620 Laurusque
1234 587 1362 620 semper
1387 577 1469 621 viva,

974 654 1049 691 Cum
1075 657 1145 689 vico
1168 655 1285 689 florens
1313 656 1415 696 vinea,

1019 704 1246 745 Amygdalum‚
1273 712 1441 744 amomum,

972 753 1113 785 Procera
1136 753 1239 785 malus
1264 753 1392 793 punica,

1023 800 1091 833 Nec
1116 800 1209 833 abest
1232 801 1475 835 cinnamomum.

974 874 1120 911 Virenus
1146 881 1227 910 rami
1251 878 1411 918 platanus,

1021 925 1099 958 Cum
1126 934 1219 959 croco
1244 934 1459 967 succomoruS,

970 973 1017 1006 Et
1039 973 1201 1006 balsamus
1228 977 1357 1007 eatenus

1019 1022 1206 1062 Fragrescit
1230 1025 1325 1063 atque
1349 1031 1467 1062 moruS,

972 1095 1188 1140 Mandragora
1213 1098 1374 1140 pomifera

1021 1147 1101 1180 Cum
1126 1146 1213 1179 foliis
1237 1147 1382 1179 venustis

972 1194 1017 1227 Et
1040 1196 1157 1227 mastix
1183 1194 1347 1228 odorifera

1021 1243 1098 1276 Cum
1125 1244 1240 1275 ceteris
1266 1244 1419 1277 arbustis.

971 1316 1118 1360 Benigne.
1139 1320 1252 1353 mundi
1278 1320 1418 1362 domina,

1021 1368 1210 1400 Praeduleis
1235 1371 1339 1401 mater
1366 1369 1497 1410 Christi,

972 1416 1026 1448 Ad
1051 1415 1137 1449 bona
1159 1416 1252 1449 nobis
1279 1417 1385 1450 omina

1019 1463 1172 1497 Messiam
1197 1465 1346 1505 genuisti.

971 1536 1019 1573 Es
1044 1541 1139 1573 stella
1164 1541 1243 1574 clari
1267 1542 1397 1575 luminis

1020 1590 1202 1622 Ostendens
1225 1591 1333 1623 nautis
1357 1593 1496 1637 portum,

973 1637 1148 1678 Impetuosi
1173 1636 1312 1671 fluminis

1020 1686 1108 1718 Fons
1132 1685 1219 1726 rigat
1241 1688 1332 1719 tuum
1356 1687 1497 1724 hortum,

581 1772 779 1806 Secunda
806 1771 1122 1813 Quinquagena.

282 1839 364 1876 Nam
390 1842 504 1881 puteus
527 1839 743 1880 pulcherrime

330 1889 531 1923 Prosilientis
557 1897 659 1929 aquae

280 1938 448 1971 Fecundat
473 1937 514 1969 tis
540 1936 701 1969 uberrime

329 1986 511 2028 Virgultum
537 1985 791 2026 circumquaque.

220 2067 252 2099 2.
277 2061 340 2098 Est
364 2066 453 2096 tuum
479 2061 667 2095 viridarium

222 2289 255 2321 3.

330 2112 465 2145 Omnino
492 2111 694 2144 dulcorosum

279 2161 325 2194 Et
349 2168 442 2193 omne
466 2158 712 2201 pigmentarium

327 2209 471 2243 Excellit
494 2208 675 2249 odorosum‚

282 2284 430 2321 Diversis
456 2285 653 2319 aromatibus

330 2335 422 2375 Quod
447 2334 588 2375 undique
609 2333 770 2367 redundat

279 2383 325 2416 Et
348 2382 473 2416 floridis
500 2381 666 2417 ornatibus

329 2431 476 2465 Ubilibet
500 2431 653 2465 abundat.

909 1841 942 1872 4.

913 2062 943 2096 5.

913 2284 945 2317 6.

968 1836 1097 1873 Ibidem
1121 1840 1232 1880 vigens
1259 1842 1353 1882 copia

1018 1888 1200 1921 Valentiam
1226 1890 1412 1937 herbarum,

970 1936 1035 1969 Sed
1059 1936 1152 1969 abest
1174 1941 1206 1969 et
1229 1939 1341 1979 inopia

1020 1984 1218 2025 Spirantium
1244 1987 1409 2028 virgarum

972 2057 1048 2094 Cum
1069 2062 1169 2094 nimia
1193 2062 1374 2104 fragrantia

1019 2110 1193 2144 Multarum
1220 2113 1401 2154 specierum

969 2157 1016 2191 Et
1041 2158 1141 2192 divite
1166 2160 1348 2195 substantia

1021 2206 1284 2242 Gratissimarum
1309 2218 1428 2248 rerum,

973 2280 1024 2317 Tu
1047 2285 1168 2326 gaudes
1194 2285 1228 2318 in
1254 2286 1379 2321 deliciis

1021 2333 1137 2366 Obrizo
1164 2332 1290 2368 fulvens
1316 2346 1404 2381 aur0,

971 2380 1169 2415 Redundans
1194 2383 1229 2415 in
1254 2383 1375 2419 divitiis

1019 2430 1072 2463 Ex
1096 2430 1235 2465 maximo
1260 2433 1422 2469 thesauro.
