1655 2726
681 115 846 151 —255
900 136 942 142 —-

775 232 866 266 XVI.

179 304 210 337 1.
226 303 352 347 Gaude,
379 306 460 339 caeli
484 311 664 348 potestates
880 311 911 345 6.
927 309 1049 350 Gaude,
1075 311 1162 343 laeta
1185 310 1361 350 pervenisti

227 354 408 387 Antecellis
434 354 580 389 feritates
923 358 1011 391 Ante
1033 358 1182 391 thronum
1207 358 1281 390 Iesu
1306 357 1427 392 Christi

280 402 434 436 Sternens
460 404 493 436 in
518 405 695 440 daemonio.
969 407 1077 446 Atque
1101 405 1163 438 Dei
1186 407 1310 439 solium.

180 481 211 512 2.
229 478 354 522 Gaude,
381 489 513 521 praeses
541 482 622 515 caeli
649 483 754 527 digna,
881 484 912 516 7.
929 482 1052 523 Gaude,
1080 492 1187 516 coram
1213 484 1369 526 trinitate,

227 527 304 560 Tibi
328 529 441 562 subest
464 539 550 563 nunc
574 531 713 572 benigna
924 531 1023 573 Virgo
1047 532 1146 572 plena
1169 531 1351 575 sanctitate,

281 576 369 610 Caeli
396 578 581 613 dominatio.
974 579 1064 612 Genu
1089 577 1192 612 flectis
1218 580 1355 612 humilis.

185 655 216 687 3.
233 653 358 695 Gaude,
385 658 489 687 mater
513 655 586 698 Dei,
613 656 744 689 thronos
877 657 909 691 8.
927 655 1050 696 Gaude,
1077 657 1167 689 Iesus
1192 660 1225 689 te
1249 656 1405 699 laudavit,

229 702 376 745 Transis,
403 704 453 735 cui
480 703 590 735 duices
616 712 710 736 sonos
923 705 1002 738 Post
1025 705 1170 746 reginam
1197 705 1363 737 coronavit

275 751 366 784 Caeli
392 749 472 783 facit
497 752 595 785 curia.
970 753 1073 793 Regni
1099 752 1180 785 caeli
1206 752 1341 786 stabilis.

177 829 208 862 4.
227 826 350 871 Gaude,
377 828 475 871 virgo,
504 828 711 869 praecessisti
877 830 907 863 9.
925 828 1048 872 Gaude,
1076 829 1167 870 virgo
1193 834 1355 868 coronata,

229 875 357 909 Cherub
385 885 519 916 omnem,
545 885 637 916 quem
663 876 771 909 vicisti
922 877 969 910 Es
992 878 1026 910 in
1053 877 1140 910 caelo
1167 878 1323 910 collocata

272 925 402 957 Domini
427 926 552 958 notitia.
970 925 1065 958 quta
1092 925 1219 959 dulcem
1243 925 1355 959 filium.

176 1000 207 1034 5.
225 1000 350 1042 Gaude,
375 1001 479 1034 vincis
503 1002 537 1034 in
566 1011 675 1034 amore
853 1004 906 1037 10.
923 1002 1046 1042 Gaude,
1073 1003 1244 1043 plaudunt,
1267 1003 1485 1037 iucundantur

225 1048 351 1088 Seraph
377 1058 503 1082 omnem
530 1059 600 1082 cum
625 1050 757 1082 dulcore
925 1051 1012 1084 Caeli
1040 1051 1126 1084 cives
1152 1059 1190 1083 ac
1215 1052 1377 1084 laetantur

276 1096 442 1130 Scandens
468 1097 510 1129 ad
535 1098 741 1139 principium.
969 1099 1075 1131 Tuum
1101 1098 1141 1131 ob
1165 1099 1348 1139 imperium.

504 1175 559 1208 11.
573 1175 634 1208 Pia
656 1177 769 1214 mater,
795 1178 833 1207 ut
857 1180 1016 1217 optamus,

574 1223 652 1263 Fac,
676 1224 710 1256 in
735 1227 840 1256 morte
865 1225 1039 1257 sentiamus

620 1271 683 1305 Tui
707 1272 934 1313 patrocinium.

764 1388 873 1422 XVII.

178 1467 210 1500 1.
227 1465 352 1508 Gaude,
378 1466 469 1507 virgo
495 1467 645 1509 gloriosa,
873 1468 904 1501 6.
923 1467 1048 1506 Gaude,
1076 1467 1177 1508 virgo,
1206 1467 1311 1499 salvat
1336 1466 1453 1499 multos

223 1515 286 1548 Est
311 1525 385 1548 nam
411 1518 479 1547 tota
504 1515 664 1548 luminosa
919 1516 1007 1548 Deus
1033 1518 1169 1557 propter
1194 1518 1236 1558 te,
1263 1524 1326 1547 non
1351 1515 1436 1547 ultos

273 1564 336 1596 Per
361 1570 394 1596 te
420 1564 502 1596 caeli
528 1564 628 1599 curia.
965 1563 1108 1596 Damnat
1129 1573 1208 1604 quos
1234 1563 1370 1597 iustitia.

176 1644 208 1677 2.
224 1641 349 1681 Gaude,
376 1642 467 1675 Iesus
492 1650 621 1682 semper
644 1642 736 1675 audit
873 1643 906 1675 7.
921 1641 1046 1683 Gaude,
1073 1640 1157 1682 fugit
1182 1649 1253 1674 cum
1279 1639 1389 1674 furore

223 1690 310 1724 Tuas
335 1699 450 1731 preces
477 1693 509 1722 et
535 1690 668 1724 exaudit
921 1690 1066 1723 Daemon
1093 1691 1196 1723 omnis
1221 1698 1302 1730 prae
1327 1690 1444 1722 timore

272 1739 355 1773 Boni
380 1738 483 1772 nostri
509 1739 624 1780 gratia.
968 1740 1074 1772 Tuum
1098 1747 1216 1771 nomen
1242 1738 1387 1772 audiens

176 1820 207 1851 3.
224 1816 348 1859 Gaude,
373 1818 444 1850 Deo
469 1826 534 1850 non
559 1820 607 1849 est
633 1820 759 1858 gratum
873 1818 906 1850 8.
922 1816 1047 1859 Gaude,
1076 1816 1179 1856 culpis
1204 1815 1269 1848 iam
1293 1816 1414 1849 ruisset

223 1866 342 1899 Munus
369 1866 468 1899 ullum
491 1875 555 1899 non
582 1866 725 1899 oblatum
921 1864 1027 1909 Orbis,
1055 1864 1143 1897 Deus
1171 1864 1204 1897 ni
1229 1863 1344 1896 fuisset

276 1914 384 1948 Sacris
411 1915 475 1948 tuis
501 1915 660 1949 manibus,
968 1914 1040 1947 Tua
1061 1921 1161 1954 prece
1185 1913 1322 1955 patiens.

176 1995 209 2027 4.
228 1992 352 2033 Gaude,
377 1993 478 2026 ullum
504 2003 568 2026 non
593 1992 748 2026 habemus
874 1993 906 2027 9.
923 1992 1045 2036 Gaude,
1072 1991 1164 2024 Iesus
1189 1991 1274 2024 bona
1299 1990 1389 2024 dabit

225 2042 355 2075 Donum
381 2042 443 2075 Dei
465 2050 526 2075 nec
550 2046 708 2085 tenemus,
920 2041 997 2074 Tuis
1023 2040 1136 2079 servis,
1164 2040 1217 2072 hie
1242 2039 1422 2080 praestabit

276 2090 348 2122 Nisi
372 2090 436 2123 tuis
461 2091 624 2131 precibus.
970 2089 1090 2129 Quibus
1118 2088 1199 2120 caeli
1223 2088 1371 2129 gloriam.

179 2170 211 2203 5.
227 2167 351 2211 Gaude,
377 2170 481 2203 Deum
508 2169 658 2210 mitigare
851 2168 906 2202 10.
923 2167 1047 2211 Gaude,
1081 2175 1171 2199 reum
1197 2166 1320 2198 nullum
1345 2166 1482 2207 spernis,

226 2217 303 2251 Sola
325 2219 440 2259 potens
468 2220 500 2250 et
520 2219 653 2259 placare
921 2217 1021 2257 Quem
1048 2217 1229 2248 currentem
1252 2214 1319 2247 fide
1345 2215 1449 2248 cernis

276 2266 397 2300 Contra
422 2268 532 2300 nostra
556 2266 646 2300 vitia.
968 2264 1071 2297 Tuam
1097 2264 1139 2297 ad
1164 2263 1374 2296 clementiam.

548 2345 603 2378 11.
619 2344 678 2378 Pia
698 2345 812 2385 mater,
839 2345 912 2375 tuus
938 2344 1032 2376 natus

623 2392 726 2426 Nobis
752 2392 829 2426 boni
856 2392 961 2424 cuncti
986 2394 1089 2424 status

667 2441 733 2474 Det
757 2440 1045 2482 perseverantiam.
