1655 2726
245 312 274 345 1.
292 310 415 354 Gaude,
446 313 533 345 caelo
560 310 623 344 fuit
645 314 737 353 grata

290 360 352 392 Tui
377 360 493 393 trimae
517 361 638 401 templo
664 359 751 393 facta

340 408 458 441 Sancta
483 409 712 450 praesentatio,

249 488 280 521 2.
296 486 419 528 Gaude,
446 484 575 520 fervens
602 489 635 519 et
660 487 785 527 devota,

296 534 378 567 Nam
406 536 570 576 exemplar
596 544 667 568 eras
692 538 761 567 tota

343 583 511 624 Virginum
538 584 682 624 collegio.

246 662 275 694 3.
293 660 416 697 Gaude.
443 662 518 703 quia
541 664 575 694 te
597 661 749 694 amabant

292 709 336 741 Et
359 718 517 752 persaepe
541 709 717 743 visitabant

341 758 476 798 Templo
503 758 584 791 caeli
609 758 752 799 spirituS.

246 837 278 868 4.
294 834 418 875 Gaude,
444 844 556 868 manus
582 836 767 876 angelorum

291 883 382 916 Tulit
407 883 488 916 hora
513 892 722 924 vesperorum

342 932 462 964 Panem
487 932 547 965 tibi
574 932 717 964 caelitus.

246 1010 277 1042 5.
293 1008 416 1050 Gaude,
443 1009 572 1041 scandis
598 1012 693 1049 raptu
717 1009 833 1040 mentis

295 1056 399 1097 Super
425 1058 539 1100 caelos,
564 1057 620 1089 ubi
646 1057 745 1089 sentis

342 1104 433 1137 Nulli
460 1105 612 1138 dicibilia.

565 1182 621 1215 11.
639 1182 697 1214 Pia
720 1184 834 1225 mater,

848 117 919 152 248

861 225 906 258 II.

940 312 970 344 6.
987 310 1110 352 Gaude,
1136 314 1237 343 totam
1262 314 1295 343 te
1321 311 1440 343 dedisti

985 359 1054 391 Deo
1080 363 1134 391 tuo
1161 362 1194 391 et
1218 359 1337 392 novisti

1033 408 1202 448 Virginum
1227 408 1373 449 vestigia.

941 487 971 518 7.
988 484 1110 528 Gaude,
1134 485 1204 518 Deo
1229 485 1277 517 sic
1301 485 1420 526 oblata,

984 534 1030 566 Es
1056 534 1168 575 regina
1195 534 1346 567 dedicata

1035 582 1202 624 Virginum
1227 582 1407 624 seraphica.

940 661 971 693 8.
988 659 1112 700 Gaude,
1139 663 1243 692 tecum
1269 658 1455 692 fabulantur

987 708 1075 742 Caeli
1101 709 1185 741 cives
1212 711 1245 740 et
1268 710 1447 748 versantur,

1032 757 1084 789 Ac
1107 757 1135 789 si
1160 756 1245 789 fores
1272 757 1401 789 caelica.

938 835 970 868 9,
986 834 1108 876 Gaude,
1134 834 1251 874 Ioseph
1276 843 1396 874 sponsa
1416 842 1508 874 pura,

986 882 1119 922 Semper
1143 885 1251 914 tamen
1276 891 1464 923 possessura

1032 930 1200 971 Virginum
1223 930 1371 971 insignia.

914 1008 968 1042 10.
985 1007 1108 1048 Gaude,
1134 1008 1281 1048 linquens
1308 1008 1463 1048 templum
1483 1007 1544 1039 Dei

984 1056 1144 1090 comitata
1167 1056 1227 1095 his,
1255 1056 1309 1096 qui
1334 1056 1364 1088 ei

1030 1103 1181 1136 Serviunt
1203 1104 1237 1136 in
1262 1104 1379 1144 patria.

861 1181 1071 1224 paupertatis,

635 1231 741 1263 Purae
765 1238 890 1270 quoque
913 1229 1070 1262 castitatis

684 1277 734 1311 Sit
757 1278 790 1310 in
816 1277 907 1309 nobis
929 1277 1043 1318 gloria.

847 1384 909 1417 111.

246 1470 275 1502 1.
293 1468 415 1510 Gaude,
426 1478 541 1511 rogans
550 1480 704 1503 summum
712 1473 847 1511 patrem,

293 1517 373 1549 Nam
401 1516 544 1551 facturus
570 1522 619 1551 est
642 1522 675 1550 te
699 1522 832 1551 matrem

342 1565 397 1598 Sui
422 1567 488 1599 nati
511 1567 661 1601 nobilem.

248 1645 279 1676 2.
295 1642 418 1686 Gaude,
446 1645 536 1686 virgo
562 1644 658 1677 valde
682 1643 786 1685 fortis,

292 1691 379 1730 Quae
405 1691 559 1733 disruptis
585 1692 667 1725 caeli
691 1692 794 1732 portis

340 1740 451 1771 Vincis
477 1741 706 1773 invincibilem.

247 1817 279 1850 3.
297 1816 419 1857 Gaude,
446 1826 543 1857 prece
567 1821 623 1850 tua
645 1816 725 1850 facis

290 1865 439 1906 Cogitare
463 1866 566 1899 Deum
591 1866 681 1906 pacis

341 1913 505 1954 cogitatus
530 1914 672 1948 stabileS.

247 1992 279 2022 4.
295 1989 418 2032 Gaude,
447 1992 545 2036 virgo,
573 2000 643 2034 ave,
669 1992 799 2032 munda,

295 2038 428 2079 Semper
452 2038 568 2072 florens
595 2043 627 2072 et
649 2040 799 2083 iucunda,

340 2087 468 2120 Fovens
493 2088 547 2128 pie
571 2087 704 2120 flebiles.

248 2167 279 2198 5.
295 2164 419 2206 Gaude,
445 2166 536 2207 virgo
563 2166 658 2199 valde
682 2167 746 2208 pia,

297 2213 409 2245 Dulcis
433 2218 546 2255 mater,
574 2224 592 2247 0
617 2215 734 2256 Maria,

342 2262 388 2293 Es
413 2264 449 2293 tu
474 2263 570 2303 plena
595 2263 709 2304 gratia.

569 2341 624 2373 11.
638 2340 700 2373 Pia
723 2343 836 2382 mater,

935 1471 967 1503 6.
984 1469 1106 1513 Gaude,
1135 1470 1224 1512 virgo
1251 1470 1425 1503 benedicta

979 1519 1071 1551 Intra
1095 1527 1215 1559 omnes,
1242 1522 1347 1551 tecum
1374 1519 1441 1551 vita

1026 1566 1114 1599 Deus
1140 1567 1201 1599 hac
1226 1570 1259 1599 et
1283 1568 1356 1600 alia.

935 1645 966 1677 7.
982 1644 1104 1685 Gaude,
1133 1645 1255 1677 cunctis
1283 1646 1472 1686 denegatam

979 1693 1078 1732 Apud
1103 1693 1206 1725 Deum
1233 1697 1436 1734 peroptatam

1027 1741 1185 1773 Invenisti
1208 1742 1355 1782 gratiam.

935 1819 966 1852 8.
982 1817 1106 1862 Gaude,
1131 1819 1220 1851 iussa
1244 1819 1305 1851 Dei
1329 1820 1379 1852 sui

983 1867 1079 1900 Caelo
1104 1866 1212 1900 ferens
1237 1868 1308 1900 adit
1332 1869 1379 1901 tui

1030 1914 1162 1947 Gabriel
1186 1917 1412 1956 praesentiam.

936 1995 968 2027 9.
985 1992 1109 2035 Gaude,
1135 1993 1236 2035 virgo,
1262 1998 1366 2027 mater
1392 1995 1524 2037 Christi,

983 2041 1072 2073 Aure
1095 2042 1201 2074 Iesum
1228 2044 1403 2084 concepisti

1032 2088 1185 2122 Gabriele
1208 2091 1329 2126 nuntio.

917 2167 972 2200 10.
988 2166 1111 2209 Gaude,
1137 2168 1260 2200 ventris
1285 2170 1332 2201 tui
1358 2171 1463 2203 velum

983 2215 1157 2248 Paradisus
1177 2215 1215 2248 fit
1241 2221 1273 2249 et
1298 2219 1420 2251 caelum

1032 2263 1095 2296 Dei
1120 2265 1292 2299 domicilio.

862 2343 972 2373 nostra
996 2344 1103 2374 mente

638 2389 740 2421 Vivae
766 2392 890 2421 crescat
915 2392 947 2421 et
971 2400 1033 2422 non
1059 2390 1166 2423 lentae

685 2437 782 2470 Fidei
803 2438 943 2472 devotio.
