1655 2726
714 113 976 151 -197—

179 207 284 241 1221.
301 207 428 242 Gaudio
454 212 560 242 tecum
586 212 729 251 gaudere
879 212 982 247 1222.
999 212 1156 245 Lacrimis
1181 211 1298 253 irriger
1317 212 1410 244 bonis

297 257 366 290 Fac
390 267 441 290 me
467 259 547 291 meis
572 260 767 303 novissimis,
997 262 1152 294 Peccator
1175 261 1209 293 in
1234 261 1332 293 laude
1355 262 1420 301 tua,

298 304 410 350 Virgo,
420 314 583 348 perquam
591 312 719 341 cessant
726 306 817 352 flere,
1001 309 1118 353 Mater,
1147 318 1228 350 quae
1248 309 1282 341 in
1299 316 1402 341 messe
1419 307 1511 350 ponis

299 354 360 394 Qui
383 355 543 388 seminant
567 357 602 389 in
625 356 779 391 lacrimis,
1000 357 1169 390 Mittentes
1192 357 1314 389 semina
1338 366 1406 389 sua.

531 434 633 467 1223.
651 433 774 476 Suavis,
802 442 891 465 sume
916 434 1038 466 semina

650 481 809 523 Laudum,
828 489 911 522 quae
928 481 988 513 tibi
999 482 1163 523 praemisi,

650 530 696 562 Et
720 529 857 562 tribulos
884 530 1073 570 extermina,

649 579 737 619 Quae
763 576 850 610 ferre
874 580 950 611 sunt
966 578 1075 610 hostes
1093 578 1166 610 nisi.

770 683 919 717 CXXVI.

182 760 287 795 1224.
302 760 388 804 Nisi,
415 761 518 802 virgo,
544 761 701 801 respicias
880 761 985 794 1226.
1001 760 1130 793 Doloris
1156 761 1398 799 abundantiam,

298 809 337 841 In
364 818 429 852 eos,
456 809 511 850 qui
537 811 764 851 peccaverunt,
1000 809 1087 848 Quae
1115 809 1262 841 inhaeret
1286 817 1376 842 meae
1400 809 1511 851 menti,

299 859 443 898 Agentes
468 858 686 898 paenitentias
1001 857 1176 890 Convertas
1201 857 1235 888 in
1260 857 1416 889 laetitiam

300 906 339 938 In
364 915 481 938 vanum
506 906 748 938 laboraverunt.
997 905 1038 938 In
1061 914 1158 937 manu
1183 908 1240 937 tua
1262 906 1396 945 potenti.

178 981 282 1016 1225.
297 982 547 1016 Laboraverunt
570 984 604 1015 in
630 992 747 1015 vanum
881 983 984 1015 1227.
1001 982 1139 1022 Potenti,
1166 984 1280 1022 mater,
1308 982 1455 1014 columna

299 1030 436 1071 Lingua,
459 1040 571 1062 manus
590 1031 699 1063 multis
717 1030 818 1072 horis,
999 1030 1157 1072 Fulcitur,
1185 1038 1277 1070 quem
1304 1030 1479 1074 benedicis,

301 1078 384 1117 Quia
410 1088 466 1111 cor
491 1088 553 1110 non
582 1082 651 1110 erat
676 1088 787 1111 sanum
998 1078 1073 1110 Non
1111 1077 1327 1110 confundetur
1352 1087 1515 1119 aerumna,

297 1126 437 1159 Edentis
465 1135 583 1167 panem
609 1127 743 1160 doloris.
1002 1126 1080 1159 Cum
1105 1126 1254 1166 loquetur
1278 1126 1427 1159 inimicis.

526 1203 630 1237 1228.
646 1203 742 1236 Micis
767 1203 894 1244 illapsis
922 1203 963 1235 de
987 1212 1099 1236 mensa

647 1251 766 1286 Catelli
792 1255 867 1284 sunt
891 1251 1095 1292 impinguati,

645 1300 691 1333 Et
712 1300 837 1342 gratiae
861 1301 904 1332 tis
929 1300 963 1331 in
988 1309 1099 1332 mensa

645 1348 761 1381 Miseri
786 1347 868 1381 fiunt
893 1348 989 1381 beati.

771 1446 937 1479 CXXVII.

179 1526 285 1559 1229.
299 1524 394 1557 Beati
418 1528 503 1565 sunt,
533 1525 586 1566 qui
611 1524 747 1556 veniunt
879 1524 984 1556 1232.
998 1523 1104 1555 Homo
1129 1530 1254 1564 pauper
1276 1525 1310 1554 te
1334 1524 1448 1563 petere

297 1574 352 1606 Ad
378 1576 420 1616 te,
448 1571 590 1606 fecunda
615 1571 804 1615 fecundans,
999 1570 1115 1612 Debet,
1143 1571 1229 1604 oliva
1254 1571 1425 1611 virginum,

299 1622 360 1654 His
388 1622 517 1665 etenim,
546 1630 616 1654 cum
642 1622 768 1662 sitiunt,
997 1619 1079 1660 Quia
1103 1618 1230 1652 refoves
1256 1627 1413 1660 prospere

300 1670 406 1703 Sicuti
430 1670 507 1703 vitis
533 1670 714 1704 abundans..
997 1668 1511 1710 Omnes‚quitiment1]ominum.

175 1751 279 1785 1230.
294 1749 477 1782 Abundans
503 1749 596 1781 bonis
623 1748 769 1780 omnibus
878 1747 981 1779 1233.
996 1745 1169 1778 Dominum
1194 1753 1255 1788 per
1275 1748 1308 1777 te
1324 1744 1507 1788 sormidam,

298 1797 351 1830 Da
375 1806 509 1830 munera
534 1797 721 1839 gratiarum,
998 1793 1059 1834 Qui
1085 1794 1155 1826 odit
1178 1793 1381 1835 iniustitiam,

296 1846 417 1886 Quibus
444 1846 570 1887 vigeam
596 1844 755 1879 fructibus
996 1843 1114 1881 Maria,
1142 1852 1201 1883 per
1228 1843 1316 1874 cuius
1340 1840 1437 1875 fidem

295 1895 342 1929 Ut
366 1895 516 1929 novellae
541 1896 709 1928 olivarum.
995 1890 1156 1923 Reddidit
1179 1891 1268 1923 Deus
1294 1891 1440 1931 gloriam.

175 1976 281 2011 1231.
296 1974 465 2008 Olivarum
494 1975 552 2007 das
576 1975 735 2014 liquorem
877 1971 984 2005 1234.
999 1970 1143 2003 Gloriam
1168 1968 1241 2011 tibi,
1268 1969 1385 2009 Maria,

297 2023 369 2066 His,
383 2024 416 2055 in
436 2032 569 2065 quorum
584 2031 695 2055 manes
710 2023 815 2064 domo,
995 2018 1107 2051 Debeo
1134 2026 1262 2058 semper
1288 2017 1413 2059 offerre,

297 2072 393 2106 Hunc
411 2072 537 2114 gratiae
554 2080 682 2104 sumens
696 2079 814 2111 rorem,
996 2068 1073 2100 Mea
1099 2068 1238 2103 ductrix,
1265 2076 1337 2098 mea
1362 2067 1425 2109 via,

294 2120 351 2153 Sic
374 2121 587 2154 benedicetur
612 2120 719 2153 homo.
999 2116 1097 2149 Cuius
1123 2116 1193 2148 laus
1217 2115 1253 2146 in
1275 2114 1356 2147 fines
1382 2118 1501 2148 terrae.

759 2216 941 2249 CXXVIII.

175 2298 280 2331 1235.
297 2296 403 2338 Saepe
429 2296 634 2330 offenderunt
658 2296 762 2328 Deum
882 2295 986 2328 1236.
1002 2294 1194 2326 Peccatores
1219 2291 1277 2323 hos
1303 2301 1363 2332 per
1390 2291 1472 2323 vires

298 2344 480 2380 Iuventutis
506 2355 597 2378 meae
622 2353 738 2384 moreS‚
999 2343 1085 2375 Tuas
1111 2341 1216 2381 vince,
1242 2340 1291 2372 vis
1316 2349 1498 2382 passorum,

295 2393 343 2426 Ob
358 2395 443 2435 quod
458 2404 558 2435 supra
569 2396 699 2427 dorsum
711 2400 817 2425 meum
999 2391 1046 2424 Ut
1070 2390 1267 2422 aemulorum
1295 2389 1436 2422 cervices

294 2441 515 2476 Fabricarunt
540 2445 739 2484 peccatores.
996 2439 1096 2472 Fiant
1128 2441 1165 2470 ut
1189 2438 1317 2470 foenum
1345 2441 1514 2473 tectorum.
