1655 2726
773 143 1032 178 —172—

242 238 320 272 781.
335 238 475 271 Dedicat
497 240 679 272 benedictio

333 286 401 318 Tua
428 286 556 319 Christo
579 290 657 319 nato
682 287 846 329 mundum,

331 334 441 375 Virgo,
473 335 561 367 cuius
587 335 689 367 oratio

333 381 489 422 Spiritum
515 382 606 423 fugat
629 383 838 416 immundum.

931 239 1238 281 787.Abhorream,
1265 241 1407 282 inquam,
1436 247 1482 281 ea,

1025 287 1112 326 Quae
1135 289 1234 320 noxia
1258 292 1334 319 sunt
1359 287 1393 318 in
1419 286 1475 319 via

1025 334 1247 376 Voluntasque
1272 338 1340 366 tota
1364 343 1439 366 mea

1024 382 1072 414 Sit
1098 385 1131 414 et
1153 383 1246 415 Iesus
1272 386 1305 414 et
1327 382 1449 414 Maria.

238 457 316 490 782.
332 458 534 491 Immundum
545 459 630 491 hunc
638 468 869 500 ergospernam
928 459 1005 492 788.
1020 459 1137 499 Maria,
1161 459 1271 500 lingua
1298 459 1407 491 dicere

331 505 444 537 Foeda
468 515 622 548 respuens
648 508 764 547 omnia,

332 553 410 586 Cum
437 558 512 586 ante
536 558 569 586 te
586 564 636 587 me
652 558 865 597 prosternam,

330 601 448 643 Maria,
477 603 573 643 digna
598 603 710 643 gloria.

238 678 317 710 783.
334 677 475 711 Gloriari
499 689 551 711 me
577 682 706 721 oportet

330 726 367 758 In
394 729 448 758 tuo
474 737 559 760 nunc
583 729 726 768 servitio,

328 773 383 814 Ut,
410 774 527 815 Maria,
554 785 605 808 me
629 778 801 816 supportet

328 822 397 854 Tua
423 825 667 858 commiseratio.

234 899 312 931 784.
329 899 508 942 Orationes,
535 901 650 944 Maria,

326 947 410 986 Quas
435 948 496 981 tibi
521 950 657 989 supplex
684 948 778 992 facio,

326 995 538 1029 Miseratione
562 998 617 1038 pia

325 1044 502 1077 Praesenta
526 1046 601 1078 Iesu
625 1044 703 1078 filio.

232 1121 310 1154 785.
325 1120 464 1152 Filiolus
486 1124 559 1153 tuus
585 1121 659 1154 fiam

325 1168 382 1208 Te,
408 1168 524 1212 Maria,
553 1170 759 1211 concedente,

325 1216 372 1249 Ut
395 1225 507 1250 secure
530 1218 637 1250 Iesum
661 1219 762 1250 sciam

322 1264 445 1296 Doctus
471 1275 491 1297 a
515 1268 549 1297 te
574 1275 679 1308 carne,
706 1269 825 1299 mente.

231 1342 312 1375 786.
325 1341 435 1373 Mente
456 1346 526 1375 tota
549 1352 606 1375 vos
633 1343 774 1384 diligam,

325 1389 390 1421 Vos
417 1391 562 1434 cogitem,
588 1400 644 1423 vos
668 1394 805 1432 teneam,

325 1437 389 1469 Pro
416 1437 507 1470 vobis
532 1440 685 1471 mundum
702 1440 861 1480 negligam

324 1484 369 1516 Et
392 1494 444 1516 me
467 1487 574 1526 ipsum
598 1486 803 1520 abhorream.

1021 506 1151 549 Nequit,
1180 516 1274 547 quam
1300 507 1344 538 sis
1370 506 1557 549 laudabilis,

1020 554 1090 586 Nec
1115 555 1213 586 litera
1239 555 1430 595 exprimere,

1022 602 1122 642 Quam
1152 603 1265 643 dulcis,
1292 612 1387 643 quam
1405 603 1564 636 amabilis.

926 680 1008 712 789.
1025 679 1185 712 Amabilis
1212 680 1248 712 fit
1273 683 1408 721 repente

1021 728 1083 760 Per
1107 731 1140 760 te
1165 728 1255 760 Iesus
1279 729 1453 772 peccatori,

1019 776 1107 809 Reos
1133 777 1240 809 salvas
1267 786 1286 809 a
1311 781 1464 818 serpente

1019 824 1064 856 Et
1088 825 1161 857 lacu
1184 824 1344 860 inferion'.

927 903 1005 935 790.
1020 901 1234 935 Inferioribus
1258 904 1379 936 multos

1019 951 1088 983 Iam
1114 951 1286 991 absorptos
1311 952 1460 984 liberasti

1019 999 1230 1040 Mortuosque
1255 1000 1318 1032 iam
1345 1001 1501 1043 sepultos,

1021 1047 1138 1090 Maria,
1166 1049 1377 1083 resuscitasti.

923 1124 1003 1156 791.
1018 1123 1189 1156 Suscitasti
1215 1125 1256 1157 de
1281 1126 1415 1165 pulvere

1015 1171 1161 1212 Egenum
1186 1176 1296 1206 astans
1320 1175 1468 1215 pauperi,

1015 1219 1141 1252 Eruens
1167 1230 1277 1253 servos
1303 1232 1444 1263 propere

1016 1268 1101 1299 Tuos
1127 1278 1146 1300 a
1172 1273 1268 1309 porta
1290 1269 1400 1305 inferi.

922 1343 1177 1378 ¹792.1nferiora
1201 1351 1361 1388 penetrat,

1016 1393 1134 1433 Maria,
1161 1397 1216 1427 tua
1240 1397 1355 1440 gratia,

1021 1440 1194 1482 Superiora
1219 1443 1372 1484 impetrat

1019 1489 1087 1522 Nos
1113 1491 1205 1523 adire
1231 1501 1303 1524 cum
1327 1494 1441 1534 gloria.

574 1565 654 1598 793.
671 1564 784 1597 Gloria
807 1565 879 1605 tibi,
904 1566 1020 1610 Maria,

668 1612 809 1644 Materia
833 1622 967 1654 magnae
989 1616 1105 1656 laudis,

669 1660 757 1699 Quae
780 1660 919 1694 libenter
943 1672 1020 1695 aure
1043 1665 1099 1704 pia

669 1709 724 1741 Ad
750 1711 784 1740 te
809 1710 982 1743 clamantes
1008 1714 1153 1749 exaudis,

787 1796 985 1830 LXXVIII.

228 1860 308 1892 794.
321 1859 420 1900 Deus,
447 1864 603 1894 venerunt
627 1863 691 1894 iam
717 1866 827 1903 gentes

321 1907 358 1939 In
383 1910 471 1942 tuam
496 1909 720 1951 hereditatem,

322 1955 441 1987 Filium
468 1958 581 1990 matris
607 1962 783 2000 stupentes,

322 2003 410 2043 Quae
435 2010 544 2038 servat
569 2007 795 2047 virginitatem.

225 2082 305 2114 795.
320 2081 545 2122 Virginitatem
571 2084 762 2125 stupendam

319 2129 432 2168 Tuam,
458 2135 571 2174 mater,
597 2132 779 2172 adoramus,

321 2177 555 2219 Reverendam,
584 2180 780 2220 diligendam

316 2225 361 2258 Et
387 2227 551 2260 colendam
577 2231 610 2260 te
633 2228 813 2264 laudamus,

922 1866 1001 1900 796.
1015 1865 1201 1901 Laudamus
1226 1879 1286 1911 per
1310 1874 1344 1903 te
1367 1872 1552 1917 Dominum,

1016 1915 1113 1948 Cuius
1140 1926 1265 1951 eramus
1291 1920 1393 1965 obliti,

1013 1964 1044 1994 A
1069 1966 1212 1998 tenebris
1238 1970 1459 2008 peccaminum

1015 2012 1078 2044 Per
1102 2016 1135 2045 te
1159 2016 1248 2055 prius
1275 2019 1430 2058 expediti.

920 2088 998 2120 797.
1013 2088 1169 2130 Expediti
1194 2102 1254 2132 per
1279 2098 1312 2127 te
1336 2097 1435 2130 simus

1012 2137 1064 2169 Ab
1091 2140 1236 2173 omnibus
1259 2143 1409 2190 inimicis,

1012 2186 1072 2225 Qui
1097 2190 1130 2219 te
1153 2195 1284 2228 praesto
1311 2192 1382 2226 fore
1406 2197 1525 2230 scimus

1011 2234 1086 2266 Iesu
1110 2238 1212 2269 servis
1238 2243 1271 2271 et
1292 2242 1415 2276 amicis.

569 2306 648 2340 798.
664 2306 786 2338 Amicis
811 2307 917 2340 laudis
942 2309 1069 2343 Mariae

661 2355 776 2395 Parce,
802 2355 886 2397 Iesu,
913 2356 959 2389 fili
985 2360 1080 2401 regis,

664 2403 710 2435 Et
728 2412 787 2435 nos
811 2413 888 2445 rege
911 2415 972 2446 per
996 2407 1081 2441 hanc
1103 2411 1157 2451 pie

664 2451 800 2484 Noctem
827 2453 974 2495 diemque
999 2457 1053 2496 qui
1077 2460 1173 2500 regis.
