<?xml version="1.0" encoding="UTF-8"?>
<!DOCTYPE html PUBLIC "-//W3C//DTD XHTML 1.0 Transitional//EN"
    "http://www.w3.org/TR/xhtml1/DTD/xhtml1-transitional.dtd">
<html xmlns="http://www.w3.org/1999/xhtml" xml:lang="en" lang="en">
 <head>
  <title>
</title>
<meta http-equiv="Content-Type" content="text/html;charset=utf-8" />
  <meta name='ocr-system' content='tesseract 3.04.00' />
  <meta name='ocr-capabilities' content='ocr_page ocr_carea ocr_par ocr_line ocrx_word'/>
</head>
<body>
  <div class='ocr_page' id='page_1' title='image "./analectahymnica36drevuoft_00046.png"; bbox 0 0 1655 2726; ppageno 0'>
   <div class='ocr_carea' id='block_1_1' title="bbox 190 209 634 590">
    <p class='ocr_par' dir='ltr' id='par_1_1' title="bbox 190 209 459 252">
     <span class='ocr_line' id='line_1_1' title="bbox 190 209 459 252; baseline -0.004 -10"><span class='ocrx_word' id='word_1_1' title='bbox 190 209 223 242; x_wconf 88' lang='lat'>9.</span> <span class='ocrx_word' id='word_1_2' title='bbox 249 210 331 252; x_wconf 88' lang='lat' dir='ltr'>Ave,</span> <span class='ocrx_word' id='word_1_3' title='bbox 357 209 459 251; x_wconf 81' lang='lat' dir='ltr'>virgo,</span> 
     </span>
    </p>

    <p class='ocr_par' dir='ltr' id='par_1_2' title="bbox 252 255 631 339">
     <span class='ocr_line' id='line_1_2' title="bbox 296 255 631 298; baseline 0.006 -9"><span class='ocrx_word' id='word_1_4' title='bbox 296 266 377 298; x_wconf 88' lang='lat' dir='ltr'>quae</span> <span class='ocrx_word' id='word_1_5' title='bbox 400 255 469 290; x_wconf 87' lang='lat' dir='ltr'>sine</span> <span class='ocrx_word' id='word_1_6' title='bbox 494 258 631 291; x_wconf 87' lang='lat' dir='ltr'>termino</span> 
     </span>
     <span class='ocr_line' id='line_1_3' title="bbox 252 304 424 339; baseline -0.006 0"><span class='ocrx_word' id='word_1_7' title='bbox 252 304 424 339; x_wconf 80' lang='lat' dir='ltr'>Confiteris</span> 
     </span>
    </p>

    <p class='ocr_par' dir='ltr' id='par_1_3' title="bbox 247 353 634 436">
     <span class='ocr_line' id='line_1_4' title="bbox 296 353 634 398; baseline 0.006 -13"><span class='ocrx_word' id='word_1_8' title='bbox 296 362 336 387; x_wconf 84' lang='lat' dir='ltr'>ex</span> <span class='ocrx_word' id='word_1_9' title='bbox 363 353 462 386; x_wconf 88' lang='lat' dir='ltr'>corde</span> <span class='ocrx_word' id='word_1_10' title='bbox 485 354 634 398; x_wconf 90' lang='lat' dir='ltr'>Domino,</span> 
     </span>
     <span class='ocr_line' id='line_1_5' title="bbox 247 402 501 436; baseline -0.008 0"><span class='ocrx_word' id='word_1_11' title='bbox 247 402 337 436; x_wconf 86' lang='lat' dir='ltr'>Audi</span> <span class='ocrx_word' id='word_1_12' title='bbox 362 402 501 435; x_wconf 85' lang='lat' dir='ltr'>clemens</span> 
     </span>
    </p>

    <p class='ocr_par' dir='ltr' id='par_1_4' title="bbox 247 451 565 533">
     <span class='ocr_line' id='line_1_6' title="bbox 296 451 565 492; baseline 0 -9"><span class='ocrx_word' id='word_1_13' title='bbox 296 453 394 492; x_wconf 87' lang='lat' dir='ltr'>atque</span> <span class='ocrx_word' id='word_1_14' title='bbox 418 451 565 492; x_wconf 87' lang='lat' dir='ltr'>propitia</span> 
     </span>
     <span class='ocr_line' id='line_1_7' title="bbox 247 498 494 533; baseline -0.008 0"><span class='ocrx_word' id='word_1_15' title='bbox 247 499 360 533; x_wconf 85' lang='lat' dir='ltr'>Nostri</span> <span class='ocrx_word' id='word_1_16' title='bbox 387 498 494 532; x_wconf 86' lang='lat' dir='ltr'>cordis</span> 
     </span>
    </p>

    <p class='ocr_par' dir='ltr' id='par_1_5' title="bbox 296 547 573 590">
     <span class='ocr_line' id='line_1_8' title="bbox 296 547 573 590; baseline -0.007 -9"><span class='ocrx_word' id='word_1_17' title='bbox 296 548 340 581; x_wconf 86' lang='lat' dir='ltr'>ad</span> <span class='ocrx_word' id='word_1_18' title='bbox 365 550 398 580; x_wconf 85' lang='lat' dir='ltr'>te</span> <span class='ocrx_word' id='word_1_19' title='bbox 422 547 573 590; x_wconf 83' lang='lat' dir='ltr'>suspiria.</span> 
     </span>
    </p>
   </div>
   <div class='ocr_carea' id='block_1_2' title="bbox 167 625 674 997">
    <p class='ocr_par' dir='ltr' id='par_1_6' title="bbox 167 625 674 997">
     <span class='ocr_line' id='line_1_9' title="bbox 167 625 472 668; baseline -0.016 -7"><span class='ocrx_word' id='word_1_20' title='bbox 167 625 223 661; x_wconf 81' lang='lat'>10.</span> <span class='ocrx_word' id='word_1_21' title='bbox 249 626 332 668; x_wconf 87' lang='lat' dir='ltr'>Ave,</span> <span class='ocrx_word' id='word_1_22' title='bbox 358 628 472 666; x_wconf 87' lang='lat' dir='ltr'>mater,</span> 
     </span>
     <span class='ocr_line' id='line_1_10' title="bbox 298 672 518 707; baseline 0.005 -1"><span class='ocrx_word' id='word_1_23' title='bbox 298 674 339 706; x_wconf 86' lang='lat' dir='ltr'>de</span> <span class='ocrx_word' id='word_1_24' title='bbox 364 674 427 707; x_wconf 88' lang='lat' dir='ltr'>Dei</span> <span class='ocrx_word' id='word_1_25' title='bbox 450 672 518 707; x_wconf 90' lang='lat' dir='ltr'>filio</span> 
     </span>
     <span class='ocr_line' id='line_1_11' title="bbox 248 721 496 763; baseline -0.008 -7"><span class='ocrx_word' id='word_1_26' title='bbox 248 723 336 763; x_wconf 81' lang='lat' dir='ltr'>Quae</span> <span class='ocrx_word' id='word_1_27' title='bbox 362 721 496 756; x_wconf 89' lang='lat' dir='ltr'>confidis</span> 
     </span>
     <span class='ocr_line' id='line_1_12' title="bbox 296 769 617 813; baseline -0.006 -10"><span class='ocrx_word' id='word_1_28' title='bbox 296 771 381 803; x_wconf 85' lang='lat' dir='ltr'>sicut</span> <span class='ocrx_word' id='word_1_29' title='bbox 407 771 448 804; x_wconf 90' lang='lat' dir='ltr'>de</span> <span class='ocrx_word' id='word_1_30' title='bbox 473 769 617 813; x_wconf 75' lang='lat' dir='ltr'>proprio,</span> 
     </span>
     <span class='ocr_line' id='line_1_13' title="bbox 246 819 528 861; baseline 0 -9"><span class='ocrx_word' id='word_1_31' title='bbox 246 819 324 861; x_wconf 84' lang='lat' dir='ltr'>Fac,</span> <span class='ocrx_word' id='word_1_32' title='bbox 350 829 392 852; x_wconf 89' lang='lat' dir='ltr'>ne</span> <span class='ocrx_word' id='word_1_33' title='bbox 416 821 528 852; x_wconf 84' lang='lat' dir='ltr'>nostra</span> 
     </span>
     <span class='ocr_line' id='line_1_14' title="bbox 294 866 674 908; baseline -0.008 -8"><span class='ocrx_word' id='word_1_34' title='bbox 294 867 524 908; x_wconf 85' lang='lat' dir='ltr'><strong>transmigrent</strong></span> <span class='ocrx_word' id='word_1_35' title='bbox 548 866 674 898; x_wconf 87' lang='lat' dir='ltr'>animae</span> 
     </span>
     <span class='ocr_line' id='line_1_15' title="bbox 247 916 423 949; baseline 0 0"><span class='ocrx_word' id='word_1_36' title='bbox 247 916 318 949; x_wconf 84' lang='lat' dir='ltr'>Abs</span> <span class='ocrx_word' id='word_1_37' title='bbox 334 916 423 949; x_wconf 84' lang='lat' dir='ltr'>illius</span> 
     </span>
     <span class='ocr_line' id='line_1_16' title="bbox 294 964 566 997; baseline -0.007 0"><span class='ocrx_word' id='word_1_38' title='bbox 294 964 359 997; x_wconf 88' lang='lat' dir='ltr'>cibi</span> <span class='ocrx_word' id='word_1_39' title='bbox 385 964 566 997; x_wconf 84' lang='lat' dir='ltr'>dulcedine.</span> 
     </span>
    </p>
   </div>
   <div class='ocr_carea' id='block_1_3' title="bbox 160 1042 683 1423">
    <p class='ocr_par' dir='ltr' id='par_1_7' title="bbox 160 1042 458 1082">
     <span class='ocr_line' id='line_1_17' title="bbox 160 1042 458 1082; baseline -0.01 -6"><span class='ocrx_word' id='word_1_40' title='bbox 160 1042 218 1077; x_wconf 79' lang='lat'>11.</span> <span class='ocrx_word' id='word_1_41' title='bbox 245 1043 327 1082; x_wconf 86' lang='lat' dir='ltr'>Ave,</span> <span class='ocrx_word' id='word_1_42' title='bbox 353 1044 458 1074; x_wconf 86' lang='lat' dir='ltr'>mater</span> 
     </span>
    </p>

    <p class='ocr_par' dir='ltr' id='par_1_8' title="bbox 244 1089 614 1172">
     <span class='ocr_line' id='line_1_18' title="bbox 293 1089 614 1133; baseline -0.003 -10"><span class='ocrx_word' id='word_1_43' title='bbox 293 1089 397 1123; x_wconf 91' lang='lat' dir='ltr'>Deum</span> <span class='ocrx_word' id='word_1_44' title='bbox 418 1090 614 1133; x_wconf 80' lang='lat' dir='ltr'>parturiens,</span> 
     </span>
     <span class='ocr_line' id='line_1_19' title="bbox 244 1138 427 1172; baseline -0.011 0"><span class='ocrx_word' id='word_1_45' title='bbox 244 1138 427 1172; x_wconf 90' lang='lat' dir='ltr'>Dulcedine</span> 
     </span>
    </p>

    <p class='ocr_par' dir='ltr' id='par_1_9' title="bbox 245 1187 579 1277">
     <span class='ocr_line' id='line_1_20' title="bbox 294 1187 579 1228; baseline -0.007 -8"><span class='ocrx_word' id='word_1_46' title='bbox 294 1189 365 1220; x_wconf 82' lang='lat' dir='ltr'>tota</span> <span class='ocrx_word' id='word_1_47' title='bbox 389 1187 579 1228; x_wconf 79' lang='lat' dir='ltr'>scaturienS‚</span> 
     </span>
     <span class='ocr_line' id='line_1_21' title="bbox 245 1236 517 1277; baseline -0.007 -8"><span class='ocrx_word' id='word_1_48' title='bbox 245 1236 333 1277; x_wconf 82' lang='lat' dir='ltr'>Quae</span> <span class='ocrx_word' id='word_1_49' title='bbox 357 1244 458 1269; x_wconf 81' lang='lat' dir='ltr'>verax</span> <span class='ocrx_word' id='word_1_50' title='bbox 483 1244 517 1267; x_wconf 88' lang='lat' dir='ltr'>es</span> 
     </span>
    </p>

    <p class='ocr_par' dir='ltr' id='par_1_10' title="bbox 243 1283 683 1367">
     <span class='ocr_line' id='line_1_22' title="bbox 292 1283 683 1326; baseline 0 -10"><span class='ocrx_word' id='word_1_51' title='bbox 292 1293 374 1326; x_wconf 89' lang='lat' dir='ltr'>prae</span> <span class='ocrx_word' id='word_1_52' title='bbox 397 1283 483 1318; x_wconf 82' lang='lat' dir='ltr'>natis</span> <span class='ocrx_word' id='word_1_53' title='bbox 508 1283 683 1325; x_wconf 84' lang='lat' dir='ltr'>hominum,</span> 
     </span>
     <span class='ocr_line' id='line_1_23' title="bbox 243 1332 478 1367; baseline -0.009 0"><span class='ocrx_word' id='word_1_54' title='bbox 243 1333 360 1367; x_wconf 83' lang='lat' dir='ltr'>Redde</span> <span class='ocrx_word' id='word_1_55' title='bbox 384 1332 478 1366; x_wconf 88' lang='lat' dir='ltr'>nobis</span> 
     </span>
    </p>

    <p class='ocr_par' dir='ltr' id='par_1_11' title="bbox 295 1380 667 1423">
     <span class='ocr_line' id='line_1_24' title="bbox 295 1380 667 1423; baseline -0.003 -9"><span class='ocrx_word' id='word_1_56' title='bbox 295 1381 458 1423; x_wconf 86' lang='lat' dir='ltr'>placatum</span> <span class='ocrx_word' id='word_1_57' title='bbox 483 1380 667 1414; x_wconf 89' lang='lat' dir='ltr'>Dominum.</span> 
     </span>
    </p>
   </div>
   <div class='ocr_carea' id='block_1_4' title="bbox 164 1459 677 1834">
    <p class='ocr_par' dir='ltr' id='par_1_12' title="bbox 164 1459 435 1501">
     <span class='ocr_line' id='line_1_25' title="bbox 164 1459 435 1501; baseline -0.007 -8"><span class='ocrx_word' id='word_1_58' title='bbox 164 1460 220 1493; x_wconf 84' lang='lat'>12.</span> <span class='ocrx_word' id='word_1_59' title='bbox 247 1461 328 1499; x_wconf 87' lang='lat' dir='ltr'>Ave,</span> <span class='ocrx_word' id='word_1_60' title='bbox 354 1459 435 1501; x_wconf 83' lang='lat' dir='ltr'>legis</span> 
     </span>
    </p>

    <p class='ocr_par' dir='ltr' id='par_1_13' title="bbox 244 1507 677 1597">
     <span class='ocr_line' id='line_1_26' title="bbox 294 1507 677 1549; baseline 0 -9"><span class='ocrx_word' id='word_1_61' title='bbox 294 1510 327 1540; x_wconf 87' lang='lat' dir='ltr'>et</span> <span class='ocrx_word' id='word_1_62' title='bbox 350 1508 484 1540; x_wconf 85' lang='lat' dir='ltr'>umbrae</span> <span class='ocrx_word' id='word_1_63' title='bbox 509 1507 677 1549; x_wconf 70' lang='lat' dir='ltr'>terminuS,</span> 
     </span>
     <span class='ocr_line' id='line_1_27' title="bbox 244 1557 573 1597; baseline -0.006 -7"><span class='ocrx_word' id='word_1_64' title='bbox 244 1558 309 1590; x_wconf 88' lang='lat' dir='ltr'>Per</span> <span class='ocrx_word' id='word_1_65' title='bbox 334 1565 428 1597; x_wconf 84' lang='lat' dir='ltr'>quam</span> <span class='ocrx_word' id='word_1_66' title='bbox 454 1557 573 1589; x_wconf 89' lang='lat' dir='ltr'>mundo</span> 
     </span>
    </p>

    <p class='ocr_par' dir='ltr' id='par_1_14' title="bbox 244 1604 635 1687">
     <span class='ocr_line' id='line_1_28' title="bbox 293 1604 635 1646; baseline 0 -9"><span class='ocrx_word' id='word_1_67' title='bbox 293 1604 444 1638; x_wconf 78' lang='lat' dir='ltr'>subvenit</span> <span class='ocrx_word' id='word_1_68' title='bbox 468 1604 635 1646; x_wconf 82' lang='lat' dir='ltr'>Dominus,</span> 
     </span>
     <span class='ocr_line' id='line_1_29' title="bbox 244 1653 403 1687; baseline -0.013 0"><span class='ocrx_word' id='word_1_69' title='bbox 244 1653 403 1687; x_wconf 77' lang='lat' dir='ltr'>Oblivisci</span> 
     </span>
    </p>

    <p class='ocr_par' dir='ltr' id='par_1_15' title="bbox 243 1703 655 1785">
     <span class='ocr_line' id='line_1_30' title="bbox 291 1703 655 1744; baseline -0.008 -8"><span class='ocrx_word' id='word_1_70' title='bbox 291 1712 332 1736; x_wconf 90' lang='lat' dir='ltr'>ne</span> <span class='ocrx_word' id='word_1_71' title='bbox 358 1703 439 1736; x_wconf 86' lang='lat' dir='ltr'>velis</span> <span class='ocrx_word' id='word_1_72' title='bbox 464 1710 655 1744; x_wconf 85' lang='lat' dir='ltr'>pauperum,</span> 
     </span>
     <span class='ocr_line' id='line_1_31' title="bbox 243 1751 539 1785; baseline -0.003 -1"><span class='ocrx_word' id='word_1_73' title='bbox 243 1751 309 1785; x_wconf 87' lang='lat' dir='ltr'>Sed</span> <span class='ocrx_word' id='word_1_74' title='bbox 333 1751 455 1784; x_wconf 87' lang='lat' dir='ltr'>munda</span> <span class='ocrx_word' id='word_1_75' title='bbox 480 1760 539 1784; x_wconf 89' lang='lat' dir='ltr'>nos</span> 
     </span>
    </p>

    <p class='ocr_par' dir='ltr' id='par_1_16' title="bbox 291 1800 597 1834">
     <span class='ocr_line' id='line_1_32' title="bbox 291 1800 597 1834; baseline 0.003 -1"><span class='ocrx_word' id='word_1_76' title='bbox 291 1809 402 1833; x_wconf 89' lang='lat' dir='ltr'>amore</span> <span class='ocrx_word' id='word_1_77' title='bbox 427 1800 597 1834; x_wconf 81' lang='lat' dir='ltr'>scelerum.</span> 
     </span>
    </p>
   </div>
   <div class='ocr_carea' id='block_1_5' title="bbox 159 1878 609 2255">
    <p class='ocr_par' dir='ltr' id='par_1_17' title="bbox 159 1878 449 1924">
     <span class='ocr_line' id='line_1_33' title="bbox 159 1878 449 1924; baseline -0.003 -12"><span class='ocrx_word' id='word_1_78' title='bbox 159 1879 214 1914; x_wconf 84' lang='lat'>13.</span> <span class='ocrx_word' id='word_1_79' title='bbox 238 1879 319 1924; x_wconf 80' lang='lat' dir='ltr'>Ave,</span> <span class='ocrx_word' id='word_1_80' title='bbox 348 1878 449 1920; x_wconf 86' lang='lat' dir='ltr'>virgo,</span> 
     </span>
    </p>

    <p class='ocr_par' dir='ltr' id='par_1_18' title="bbox 241 1925 585 2017">
     <span class='ocr_line' id='line_1_34' title="bbox 291 1925 585 1969; baseline 0 -10"><span class='ocrx_word' id='word_1_81' title='bbox 291 1935 373 1969; x_wconf 85' lang='lat' dir='ltr'>quae</span> <span class='ocrx_word' id='word_1_82' title='bbox 395 1926 458 1960; x_wconf 89' lang='lat' dir='ltr'>Dei</span> <span class='ocrx_word' id='word_1_83' title='bbox 481 1925 585 1960; x_wconf 90' lang='lat' dir='ltr'>filium</span> 
     </span>
     <span class='ocr_line' id='line_1_35' title="bbox 241 1975 399 2017; baseline -0.006 -8"><span class='ocrx_word' id='word_1_84' title='bbox 241 1975 399 2017; x_wconf 87' lang='lat' dir='ltr'>Tenuisti‚</span> 
     </span>
    </p>

    <p class='ocr_par' dir='ltr' id='par_1_19' title="bbox 240 2022 582 2108">
     <span class='ocr_line' id='line_1_36' title="bbox 290 2022 582 2065; baseline -0.007 -7"><span class='ocrx_word' id='word_1_85' title='bbox 290 2026 400 2058; x_wconf 90' lang='lat' dir='ltr'>lumen</span> <span class='ocrx_word' id='word_1_86' title='bbox 424 2022 582 2065; x_wconf 81' lang='lat' dir='ltr'>fidelium⁷</span> 
     </span>
     <span class='ocr_line' id='line_1_37' title="bbox 240 2072 509 2108; baseline -0.011 0"><span class='ocrx_word' id='word_1_87' title='bbox 240 2073 346 2108; x_wconf 83' lang='lat' dir='ltr'>Aufer</span> <span class='ocrx_word' id='word_1_88' title='bbox 371 2084 391 2106; x_wconf 86' lang='lat' dir='ltr'>a</span> <span class='ocrx_word' id='word_1_89' title='bbox 415 2072 509 2106; x_wconf 87' lang='lat' dir='ltr'>nobis</span> 
     </span>
    </p>

    <p class='ocr_par' dir='ltr' id='par_1_20' title="bbox 243 2122 510 2205">
     <span class='ocr_line' id='line_1_38' title="bbox 289 2122 510 2164; baseline -0.005 -9"><span class='ocrx_word' id='word_1_90' title='bbox 289 2122 510 2164; x_wconf 86' lang='lat' dir='ltr'>insipientiam</span> 
     </span>
     <span class='ocr_line' id='line_1_39' title="bbox 243 2170 448 2205; baseline -0.005 0"><span class='ocrx_word' id='word_1_91' title='bbox 243 2170 448 2205; x_wconf 81' lang='lat' dir='ltr'>Conferendo</span> 
     </span>
    </p>

    <p class='ocr_par' dir='ltr' id='par_1_21' title="bbox 288 2219 609 2255">
     <span class='ocr_line' id='line_1_40' title="bbox 288 2219 609 2255; baseline -0.006 -1"><span class='ocrx_word' id='word_1_92' title='bbox 288 2229 399 2255; x_wconf 82' lang='lat' dir='ltr'>veram</span> <span class='ocrx_word' id='word_1_93' title='bbox 429 2219 609 2253; x_wconf 83' lang='lat' dir='ltr'>scientiam.</span> 
     </span>
    </p>
   </div>
   <div class='ocr_carea' id='block_1_6' title="bbox 158 2298 591 2487">
    <p class='ocr_par' dir='ltr' id='par_1_22' title="bbox 158 2298 591 2487">
     <span class='ocr_line' id='line_1_41' title="bbox 158 2298 413 2340; baseline -0.008 -7"><span class='ocrx_word' id='word_1_94' title='bbox 158 2300 215 2334; x_wconf 85' lang='lat'>14.</span> <span class='ocrx_word' id='word_1_95' title='bbox 240 2298 322 2340; x_wconf 81' lang='lat' dir='ltr'>Ave,</span> <span class='ocrx_word' id='word_1_96' title='bbox 349 2298 413 2331; x_wconf 90' lang='lat' dir='ltr'>Dei</span> 
     </span>
     <span class='ocr_line' id='line_1_42' title="bbox 287 2346 542 2389; baseline -0.012 -8"><span class='ocrx_word' id='word_1_97' title='bbox 287 2346 542 2389; x_wconf 87' lang='lat' dir='ltr'>reclinatorium,</span> 
     </span>
     <span class='ocr_line' id='line_1_43' title="bbox 237 2395 466 2439; baseline -0.009 -9"><span class='ocrx_word' id='word_1_98' title='bbox 237 2396 278 2430; x_wconf 88' lang='lat' dir='ltr'>In</span> <span class='ocrx_word' id='word_1_99' title='bbox 304 2406 368 2439; x_wconf 85' lang='lat' dir='ltr'>qua</span> <span class='ocrx_word' id='word_1_100' title='bbox 390 2395 466 2430; x_wconf 85' lang='lat' dir='ltr'>fixit</span> 
     </span>
     <span class='ocr_line' id='line_1_44' title="bbox 286 2444 591 2487; baseline -0.01 -8"><span class='ocrx_word' id='word_1_101' title='bbox 286 2454 378 2479; x_wconf 88' lang='lat' dir='ltr'>suum</span> <span class='ocrx_word' id='word_1_102' title='bbox 401 2444 591 2487; x_wconf 85' lang='lat' dir='ltr'>tentorium,</span> 
     </span>
    </p>
   </div>
   <div class='ocr_carea' id='block_1_7' title="bbox 696 112 935 147">
    <p class='ocr_par' dir='ltr' id='par_1_23' title="bbox 696 112 935 147">
     <span class='ocr_line' id='line_1_45' title="bbox 696 112 935 147; baseline 0 -10"><span class='ocrx_word' id='word_1_103' title='bbox 696 112 935 147; x_wconf 38' lang='lat' dir='ltr'>„43ss</span> 
     </span>
    </p>
   </div>
   <div class='ocr_carea' id='block_1_8' title="bbox 862 432 918 465">
    <p class='ocr_par' dir='ltr' id='par_1_24' title="bbox 862 432 918 465">
     <span class='ocr_line' id='line_1_46' title="bbox 862 432 918 465; baseline 0.018 -1"><span class='ocrx_word' id='word_1_104' title='bbox 862 432 918 465; x_wconf 84' lang='lat'>15.</span> 
     </span>
    </p>
   </div>
   <div class='ocr_carea' id='block_1_9' title="bbox 862 850 916 885">
    <p class='ocr_par' dir='ltr' id='par_1_25' title="bbox 862 850 916 885">
     <span class='ocr_line' id='line_1_47' title="bbox 862 850 916 885; baseline 0.037 -2"><span class='ocrx_word' id='word_1_105' title='bbox 862 850 916 885; x_wconf 92' lang='lat'>16.</span> 
     </span>
    </p>
   </div>
   <div class='ocr_carea' id='block_1_10' title="bbox 859 1265 915 1300">
    <p class='ocr_par' dir='ltr' id='par_1_26' title="bbox 859 1265 915 1300">
     <span class='ocr_line' id='line_1_48' title="bbox 859 1265 915 1300; baseline 0.018 -1"><span class='ocrx_word' id='word_1_106' title='bbox 859 1265 915 1300; x_wconf 85' lang='lat'>17.</span> 
     </span>
    </p>
   </div>
   <div class='ocr_carea' id='block_1_11' title="bbox 860 1684 914 1717">
    <p class='ocr_par' dir='ltr' id='par_1_27' title="bbox 860 1684 914 1717">
     <span class='ocr_line' id='line_1_49' title="bbox 860 1684 914 1717; baseline 0 -1"><span class='ocrx_word' id='word_1_107' title='bbox 860 1684 914 1717; x_wconf 89' lang='grc'>18.</span> 
     </span>
    </p>
   </div>
   <div class='ocr_carea' id='block_1_12' title="bbox 858 2102 914 2136">
    <p class='ocr_par' dir='ltr' id='par_1_28' title="bbox 858 2102 914 2136">
     <span class='ocr_line' id='line_1_50' title="bbox 858 2102 914 2136; baseline 0 -1"><span class='ocrx_word' id='word_1_108' title='bbox 858 2102 914 2136; x_wconf 87' lang='grc'>19.</span> 
     </span>
    </p>
   </div>
   <div class='ocr_carea' id='block_1_13' title="bbox 943 209 1355 397">
    <p class='ocr_par' dir='ltr' id='par_1_29' title="bbox 943 209 1355 397">
     <span class='ocr_line' id='line_1_51' title="bbox 943 209 1198 252; baseline 0.008 -11"><span class='ocrx_word' id='word_1_109' title='bbox 943 209 1021 252; x_wconf 85' lang='lat' dir='ltr'>Fac,</span> <span class='ocrx_word' id='word_1_110' title='bbox 1047 213 1083 242; x_wconf 83' lang='lat' dir='ltr'>ut</span> <span class='ocrx_word' id='word_1_111' title='bbox 1106 211 1198 243; x_wconf 91' lang='lat' dir='ltr'>illum</span> 
     </span>
     <span class='ocr_line' id='line_1_52' title="bbox 991 257 1283 300; baseline 0.007 -9"><span class='ocrx_word' id='word_1_112' title='bbox 991 257 1104 292; x_wconf 86' lang='lat' dir='ltr'>fideles</span> <span class='ocrx_word' id='word_1_113' title='bbox 1128 258 1283 300; x_wconf 84' lang='lat' dir='ltr'>habitent,</span> 
     </span>
     <span class='ocr_line' id='line_1_53' title="bbox 943 306 1114 348; baseline 0.006 -10"><span class='ocrx_word' id='word_1_114' title='bbox 943 306 988 338; x_wconf 86' lang='lat' dir='ltr'>Et</span> <span class='ocrx_word' id='word_1_115' title='bbox 1014 306 1114 348; x_wconf 88' lang='lat' dir='ltr'>quieti</span> 
     </span>
     <span class='ocr_line' id='line_1_54' title="bbox 991 356 1355 397; baseline 0.005 -10"><span class='ocrx_word' id='word_1_116' title='bbox 991 356 1024 388; x_wconf 92' lang='lat' dir='ltr'>in</span> <span class='ocrx_word' id='word_1_117' title='bbox 1050 358 1158 388; x_wconf 91' lang='lat' dir='ltr'>monte</span> <span class='ocrx_word' id='word_1_118' title='bbox 1182 357 1355 397; x_wconf 87' lang='lat' dir='ltr'>pausitent.</span> 
     </span>
    </p>
   </div>
   <div class='ocr_carea' id='block_1_14' title="bbox 942 432 1351 812">
    <p class='ocr_par' dir='ltr' id='par_1_30' title="bbox 942 432 1351 812">
     <span class='ocr_line' id='line_1_55' title="bbox 944 432 1166 474; baseline 0.009 -10"><span class='ocrx_word' id='word_1_119' title='bbox 944 432 1025 474; x_wconf 89' lang='lat' dir='ltr'>Ave,</span> <span class='ocrx_word' id='word_1_120' title='bbox 1052 437 1166 466; x_wconf 81' lang='lat' dir='ltr'>sancta</span> 
     </span>
     <span class='ocr_line' id='line_1_56' title="bbox 991 481 1344 524; baseline 0 -11"><span class='ocrx_word' id='word_1_121' title='bbox 991 482 1148 515; x_wconf 81' lang='lat' dir='ltr'>salvatrix</span> <span class='ocrx_word' id='word_1_122' title='bbox 1172 481 1344 524; x_wconf 89' lang='lat' dir='ltr'>hominnm,</span> 
     </span>
     <span class='ocr_line' id='line_1_57' title="bbox 942 529 1185 569; baseline 0.004 -8"><span class='ocrx_word' id='word_1_123' title='bbox 942 529 1031 569; x_wconf 77' lang='lat' dir='ltr'>Quae</span> <span class='ocrx_word' id='word_1_124' title='bbox 1055 530 1185 563; x_wconf 80' lang='lat' dir='ltr'>lactasti</span> 
     </span>
     <span class='ocr_line' id='line_1_58' title="bbox 991 578 1351 620; baseline 0 -10"><span class='ocrx_word' id='word_1_125' title='bbox 991 578 1151 611; x_wconf 89' lang='lat' dir='ltr'>caelorum</span> <span class='ocrx_word' id='word_1_126' title='bbox 1178 578 1351 620; x_wconf 87' lang='lat' dir='ltr'>dominum,</span> 
     </span>
     <span class='ocr_line' id='line_1_59' title="bbox 943 626 1185 661; baseline 0 -2"><span class='ocrx_word' id='word_1_127' title='bbox 943 626 1106 660; x_wconf 86' lang='lat' dir='ltr'>Conserva</span> <span class='ocrx_word' id='word_1_128' title='bbox 1126 636 1185 661; x_wconf 90' lang='lat' dir='ltr'>nos</span> 
     </span>
     <span class='ocr_line' id='line_1_60' title="bbox 990 675 1315 717; baseline 0.003 -10"><span class='ocrx_word' id='word_1_129' title='bbox 990 675 1024 707; x_wconf 86' lang='lat' dir='ltr'>in</span> <span class='ocrx_word' id='word_1_130' title='bbox 1049 676 1136 708; x_wconf 91' lang='lat' dir='ltr'>omni</span> <span class='ocrx_word' id='word_1_131' title='bbox 1160 678 1315 717; x_wconf 86' lang='lat' dir='ltr'>tempore,</span> 
     </span>
     <span class='ocr_line' id='line_1_61' title="bbox 942 723 1111 756; baseline 0.006 -1"><span class='ocrx_word' id='word_1_132' title='bbox 942 723 980 755; x_wconf 89' lang='lat' dir='ltr'>In</span> <span class='ocrx_word' id='word_1_133' title='bbox 1005 723 1111 756; x_wconf 85' lang='lat' dir='ltr'>anima</span> 
     </span>
     <span class='ocr_line' id='line_1_62' title="bbox 990 772 1314 812; baseline 0.003 -8"><span class='ocrx_word' id='word_1_134' title='bbox 990 772 1086 805; x_wconf 88' lang='lat' dir='ltr'>simul</span> <span class='ocrx_word' id='word_1_135' title='bbox 1110 775 1143 805; x_wconf 94' lang='lat' dir='ltr'>et</span> <span class='ocrx_word' id='word_1_136' title='bbox 1168 780 1314 812; x_wconf 85' lang='lat' dir='ltr'>corpore.</span> 
     </span>
    </p>
   </div>
   <div class='ocr_carea' id='block_1_15' title="bbox 941 849 1328 1228">
    <p class='ocr_par' dir='ltr' id='par_1_31' title="bbox 943 849 1145 892">
     <span class='ocr_line' id='line_1_63' title="bbox 943 849 1145 892; baseline 0.005 -11"><span class='ocrx_word' id='word_1_137' title='bbox 943 850 1024 892; x_wconf 85' lang='lat' dir='ltr'>Ave,</span> <span class='ocrx_word' id='word_1_138' title='bbox 1052 849 1145 882; x_wconf 84' lang='lat' dir='ltr'>sedes</span> 
     </span>
    </p>

    <p class='ocr_par' dir='ltr' id='par_1_32' title="bbox 943 897 1250 979">
     <span class='ocr_line' id='line_1_64' title="bbox 993 897 1250 940; baseline -0.004 -9"><span class='ocrx_word' id='word_1_139' title='bbox 993 897 1070 931; x_wconf 80' lang='lat' dir='ltr'>solis</span> <span class='ocrx_word' id='word_1_140' title='bbox 1096 897 1250 940; x_wconf 83' lang='lat' dir='ltr'>iustitiae,</span> 
     </span>
     <span class='ocr_line' id='line_1_65' title="bbox 943 946 1184 979; baseline -0.008 0"><span class='ocrx_word' id='word_1_141' title='bbox 943 946 1006 979; x_wconf 88' lang='lat' dir='ltr'>Per</span> <span class='ocrx_word' id='word_1_142' title='bbox 1029 950 1062 979; x_wconf 84' lang='lat' dir='ltr'>te</span> <span class='ocrx_word' id='word_1_143' title='bbox 1089 947 1184 979; x_wconf 87' lang='lat' dir='ltr'>datur</span> 
     </span>
    </p>

    <p class='ocr_par' dir='ltr' id='par_1_33' title="bbox 944 994 1328 1076">
     <span class='ocr_line' id='line_1_66' title="bbox 989 994 1328 1035; baseline -0.006 -8"><span class='ocrx_word' id='word_1_144' title='bbox 989 994 1088 1027; x_wconf 79' lang='lat' dir='ltr'>nobis.</span> <span class='ocrx_word' id='word_1_145' title='bbox 1107 1003 1181 1035; x_wconf 86' lang='lat' dir='ltr'>spes</span> <span class='ocrx_word' id='word_1_146' title='bbox 1205 994 1328 1034; x_wconf 86' lang='lat' dir='ltr'>veniae,</span> 
     </span>
     <span class='ocr_line' id='line_1_67' title="bbox 944 1042 1144 1076; baseline -0.005 -1"><span class='ocrx_word' id='word_1_147' title='bbox 944 1042 999 1075; x_wconf 87' lang='lat' dir='ltr'>Sic</span> <span class='ocrx_word' id='word_1_148' title='bbox 1026 1043 1144 1076; x_wconf 83' lang='lat' dir='ltr'>exaudi</span> 
     </span>
    </p>

    <p class='ocr_par' dir='ltr' id='par_1_34' title="bbox 941 1090 1320 1172">
     <span class='ocr_line' id='line_1_68' title="bbox 988 1090 1320 1133; baseline -0.006 -10"><span class='ocrx_word' id='word_1_149' title='bbox 988 1093 1100 1123; x_wconf 86' lang='lat' dir='ltr'>nostra</span> <span class='ocrx_word' id='word_1_150' title='bbox 1124 1090 1320 1133; x_wconf 81' lang='lat' dir='ltr'>precamina,</span> 
     </span>
     <span class='ocr_line' id='line_1_69' title="bbox 941 1138 1119 1172; baseline -0.011 0"><span class='ocrx_word' id='word_1_151' title='bbox 941 1138 985 1172; x_wconf 89' lang='lat' dir='ltr'>Ut</span> <span class='ocrx_word' id='word_1_152' title='bbox 1011 1139 1119 1172; x_wconf 85' lang='lat' dir='ltr'>deleas</span> 
     </span>
    </p>

    <p class='ocr_par' dir='ltr' id='par_1_35' title="bbox 989 1187 1320 1228">
     <span class='ocr_line' id='line_1_70' title="bbox 989 1187 1320 1228; baseline -0.003 -8"><span class='ocrx_word' id='word_1_153' title='bbox 989 1190 1101 1221; x_wconf 86' lang='lat' dir='ltr'>nostra</span> <span class='ocrx_word' id='word_1_154' title='bbox 1125 1187 1320 1228; x_wconf 81' lang='lat' dir='ltr'>peccamina.</span> 
     </span>
    </p>
   </div>
   <div class='ocr_carea' id='block_1_16' title="bbox 941 1265 1298 1638">
    <p class='ocr_par' dir='ltr' id='par_1_36' title="bbox 941 1265 1298 1638">
     <span class='ocr_line' id='line_1_71' title="bbox 941 1265 1138 1304; baseline -0.005 -7"><span class='ocrx_word' id='word_1_155' title='bbox 941 1265 1023 1304; x_wconf 77' lang='lat' dir='ltr'>Ave,</span> <span class='ocrx_word' id='word_1_156' title='bbox 1050 1265 1138 1297; x_wconf 90' lang='lat' dir='ltr'>cuius</span> 
     </span>
     <span class='ocr_line' id='line_1_72' title="bbox 990 1312 1260 1346; baseline -0.007 0"><span class='ocrx_word' id='word_1_157' title='bbox 990 1315 1103 1346; x_wconf 87' lang='lat' dir='ltr'>sancta</span> <span class='ocrx_word' id='word_1_158' title='bbox 1129 1312 1260 1346; x_wconf 85' lang='lat' dir='ltr'>dilectio</span> 
     </span>
     <span class='ocr_line' id='line_1_73' title="bbox 941 1361 1187 1394; baseline -0.004 0"><span class='ocrx_word' id='word_1_159' title='bbox 941 1362 1045 1394; x_wconf 88' lang='lat' dir='ltr'>Nimis</span> <span class='ocrx_word' id='word_1_160' title='bbox 1069 1361 1187 1394; x_wconf 88' lang='lat' dir='ltr'>ardens</span> 
     </span>
     <span class='ocr_line' id='line_1_74' title="bbox 990 1408 1244 1451; baseline -0.012 -7"><span class='ocrx_word' id='word_1_161' title='bbox 990 1410 1139 1444; x_wconf 82' lang='lat' dir='ltr'>adhaesit</span> <span class='ocrx_word' id='word_1_162' title='bbox 1165 1408 1244 1451; x_wconf 81' lang='lat' dir='ltr'>filio,</span> 
     </span>
     <span class='ocr_line' id='line_1_75' title="bbox 942 1459 1147 1493; baseline -0.005 -1"><span class='ocrx_word' id='word_1_163' title='bbox 942 1459 1065 1493; x_wconf 88' lang='lat' dir='ltr'>Libera</span> <span class='ocrx_word' id='word_1_164' title='bbox 1088 1467 1147 1491; x_wconf 84' lang='lat' dir='ltr'>nos</span> 
     </span>
     <span class='ocr_line' id='line_1_76' title="bbox 989 1506 1298 1540; baseline -0.003 0"><span class='ocrx_word' id='word_1_165' title='bbox 989 1517 1008 1540; x_wconf 88' lang='lat' dir='ltr'>a</span> <span class='ocrx_word' id='word_1_166' title='bbox 1032 1507 1126 1540; x_wconf 85' lang='lat' dir='ltr'>malis</span> <span class='ocrx_word' id='word_1_167' title='bbox 1151 1506 1298 1540; x_wconf 85' lang='lat' dir='ltr'>omnibus</span> 
     </span>
     <span class='ocr_line' id='line_1_77' title="bbox 942 1556 1167 1589; baseline -0.004 0"><span class='ocrx_word' id='word_1_168' title='bbox 942 1556 1020 1589; x_wconf 86' lang='lat' dir='ltr'>Tuis</span> <span class='ocrx_word' id='word_1_169' title='bbox 1046 1556 1167 1589; x_wconf 85' lang='lat' dir='ltr'>sanctis</span> 
     </span>
     <span class='ocr_line' id='line_1_78' title="bbox 990 1604 1201 1638; baseline -0.005 -1"><span class='ocrx_word' id='word_1_170' title='bbox 990 1604 1201 1638; x_wconf 86' lang='lat' dir='ltr'>orationibus.</span> 
     </span>
    </p>
   </div>
   <div class='ocr_carea' id='block_1_17' title="bbox 940 1682 1300 2057">
    <p class='ocr_par' dir='ltr' id='par_1_37' title="bbox 940 1682 1300 2057">
     <span class='ocr_line' id='line_1_79' title="bbox 941 1682 1140 1724; baseline 0 -10"><span class='ocrx_word' id='word_1_171' title='bbox 941 1686 1023 1724; x_wconf 86' lang='lat' dir='ltr'>Ave,</span> <span class='ocrx_word' id='word_1_172' title='bbox 1052 1682 1140 1714; x_wconf 85' lang='lat' dir='ltr'>cuius</span> 
     </span>
     <span class='ocr_line' id='line_1_80' title="bbox 987 1730 1276 1773; baseline -0.003 -9"><span class='ocrx_word' id='word_1_173' title='bbox 987 1733 1139 1764; x_wconf 89' lang='lat' dir='ltr'>narratur</span> <span class='ocrx_word' id='word_1_174' title='bbox 1162 1730 1276 1773; x_wconf 79' lang='lat' dir='ltr'>gloria,</span> 
     </span>
     <span class='ocr_line' id='line_1_81' title="bbox 943 1779 1142 1813; baseline -0.01 0"><span class='ocrx_word' id='word_1_175' title='bbox 943 1781 981 1813; x_wconf 85' lang='lat' dir='ltr'>ln</span> <span class='ocrx_word' id='word_1_176' title='bbox 1008 1779 1142 1813; x_wconf 85' lang='lat' dir='ltr'>caelesti</span> 
     </span>
     <span class='ocr_line' id='line_1_82' title="bbox 989 1828 1299 1867; baseline -0.003 -6"><span class='ocrx_word' id='word_1_177' title='bbox 989 1830 1173 1861; x_wconf 85' lang='lat' dir='ltr'>sanctorum</span> <span class='ocrx_word' id='word_1_178' title='bbox 1200 1828 1299 1867; x_wconf 85' lang='lat' dir='ltr'>curia,</span> 
     </span>
     <span class='ocr_line' id='line_1_83' title="bbox 940 1877 1168 1910; baseline 0.004 -1"><span class='ocrx_word' id='word_1_179' title='bbox 940 1877 990 1909; x_wconf 88' lang='lat' dir='ltr'>Ne</span> <span class='ocrx_word' id='word_1_180' title='bbox 1017 1877 1168 1910; x_wconf 88' lang='lat' dir='ltr'>cadamus</span> 
     </span>
     <span class='ocr_line' id='line_1_84' title="bbox 991 1925 1281 1969; baseline -0.007 -11"><span class='ocrx_word' id='word_1_181' title='bbox 991 1935 1062 1958; x_wconf 92' lang='lat' dir='ltr'>cum</span> <span class='ocrx_word' id='word_1_182' title='bbox 1086 1925 1281 1969; x_wconf 82' lang='lat' dir='ltr'>infidelibus,</span> 
     </span>
     <span class='ocr_line' id='line_1_85' title="bbox 940 1974 1183 2009; baseline -0.008 0"><span class='ocrx_word' id='word_1_183' title='bbox 940 1974 1101 2009; x_wconf 86' lang='lat' dir='ltr'>Confirma</span> <span class='ocrx_word' id='word_1_184' title='bbox 1125 1983 1183 2008; x_wconf 83' lang='lat' dir='ltr'>nos</span> 
     </span>
     <span class='ocr_line' id='line_1_86' title="bbox 986 2022 1300 2057; baseline 0.003 -1"><span class='ocrx_word' id='word_1_185' title='bbox 986 2024 1021 2056; x_wconf 86' lang='lat' dir='ltr'>in</span> <span class='ocrx_word' id='word_1_186' title='bbox 1044 2024 1138 2057; x_wconf 83' lang='lat' dir='ltr'>bonis</span> <span class='ocrx_word' id='word_1_187' title='bbox 1164 2022 1300 2057; x_wconf 78' lang='lat' dir='ltr'>actibus,</span> 
     </span>
    </p>
   </div>
   <div class='ocr_carea' id='block_1_18' title="bbox 940 2101 1372 2478">
    <p class='ocr_par' dir='ltr' id='par_1_38' title="bbox 940 2101 1155 2144">
     <span class='ocr_line' id='line_1_87' title="bbox 940 2101 1155 2144; baseline -0.009 -9"><span class='ocrx_word' id='word_1_188' title='bbox 940 2103 1022 2144; x_wconf 90' lang='lat' dir='ltr'>Ave,</span> <span class='ocrx_word' id='word_1_189' title='bbox 1049 2101 1155 2143; x_wconf 88' lang='lat' dir='ltr'>plebis</span> 
     </span>
    </p>

    <p class='ocr_par' dir='ltr' id='par_1_39' title="bbox 940 2149 1240 2241">
     <span class='ocr_line' id='line_1_88' title="bbox 987 2149 1240 2191; baseline -0.012 -7"><span class='ocrx_word' id='word_1_190' title='bbox 987 2150 1093 2184; x_wconf 76' lang='lat' dir='ltr'>lsrael</span> <span class='ocrx_word' id='word_1_191' title='bbox 1115 2149 1240 2191; x_wconf 81' lang='lat' dir='ltr'>inclita,</span> 
     </span>
     <span class='ocr_line' id='line_1_89' title="bbox 940 2200 1140 2241; baseline -0.01 -9"><span class='ocrx_word' id='word_1_192' title='bbox 940 2200 1140 2241; x_wconf 83' lang='lat' dir='ltr'>Angelorum</span> 
     </span>
    </p>

    <p class='ocr_par' dir='ltr' id='par_1_40' title="bbox 940 2246 1372 2338">
     <span class='ocr_line' id='line_1_90' title="bbox 989 2246 1372 2291; baseline -0.005 -11"><span class='ocrx_word' id='word_1_193' title='bbox 989 2247 1222 2280; x_wconf 83' lang='lat' dir='ltr'>transcendens</span> <span class='ocrx_word' id='word_1_194' title='bbox 1247 2246 1372 2291; x_wconf 80' lang='lat' dir='ltr'>merita,</span> 
     </span>
     <span class='ocr_line' id='line_1_91' title="bbox 940 2295 1166 2338; baseline -0.004 -9"><span class='ocrx_word' id='word_1_195' title='bbox 940 2295 1071 2330; x_wconf 80' lang='lat' dir='ltr'>Exaudi</span> <span class='ocrx_word' id='word_1_196' title='bbox 1096 2305 1166 2338; x_wconf 81' lang='lat' dir='ltr'>nos,</span> 
     </span>
    </p>

    <p class='ocr_par' dir='ltr' id='par_1_41' title="bbox 942 2343 1221 2435">
     <span class='ocr_line' id='line_1_92' title="bbox 987 2343 1221 2378; baseline -0.004 -1"><span class='ocrx_word' id='word_1_197' title='bbox 987 2354 1028 2378; x_wconf 93' lang='lat' dir='ltr'>ne</span> <span class='ocrx_word' id='word_1_198' title='bbox 1053 2343 1221 2377; x_wconf 81' lang='lat' dir='ltr'>tribulatio</span> 
     </span>
     <span class='ocr_line' id='line_1_93' title="bbox 942 2393 1205 2435; baseline -0.008 -8"><span class='ocrx_word' id='word_1_199' title='bbox 942 2393 1205 2435; x_wconf 73' lang='lat' dir='ltr'>comprehendat</span> 
     </span>
    </p>

    <p class='ocr_par' dir='ltr' id='par_1_42' title="bbox 988 2442 1263 2478">
     <span class='ocr_line' id='line_1_94' title="bbox 988 2442 1263 2478; baseline -0.004 -3"><span class='ocrx_word' id='word_1_200' title='bbox 988 2452 1045 2475; x_wconf 86' lang='lat' dir='ltr'>nos</span> <span class='ocrx_word' id='word_1_201' title='bbox 1072 2442 1105 2475; x_wconf 91' lang='lat' dir='ltr'>in</span> <span class='ocrx_word' id='word_1_202' title='bbox 1131 2442 1263 2478; x_wconf 85' lang='lat' dir='ltr'>iudicio,</span> 
     </span>
    </p>
   </div>
  </div>
 </body>
</html>
