1655 2726
239 244 294 280 39.

238 576 295 608 40.

239 904 295 935 41.

238 1229 295 1260 42.

237 1556 295 1590 43.

237 1886 295 1918 44.

236 2222 293 2255 45.

768 143 1006 182 „eo-2

322 246 445 287 Gaude,
460 245 574 278 summi
588 245 672 287 regis
685 246 849 287 templum,

325 296 420 329 Cuius
445 293 549 327 instar
575 297 606 325 et
632 295 813 335 exemplum

369 343 442 376 Non
469 346 518 374 est
541 342 629 374 ultra
652 343 786 383 mansio,

322 393 460 432 Protege
484 400 542 422 nos
567 393 622 422 tuo
646 399 744 431 more,

321 440 372 472 Ne
400 448 456 471 nos
483 439 599 471 caedat
622 439 655 470 in
681 437 791 471 furore

367 488 488 520 Divina
513 487 683 527 correptio.

324 575 449 615 Gaude,
475 574 566 614 virgo
591 573 661 606 Deo
686 574 829 614 placenS,

321 624 436 664 Aequa
458 622 544 653 sicut
565 622 677 662 lingua
701 625 821 659 tacens,

371 671 428 703 Me
455 670 628 701 clementer
654 670 757 711 expia,

321 719 368 752 Ut
391 719 425 751 in
450 718 559 758 lingua
583 727 646 749 non
670 717 839 758 offendam,

323 767 388 800 Sed
412 775 467 799 cor
483 769 517 797 et
533 775 567 798 os
586 766 854 805 comprehendam

371 814 436 847 Sub
461 814 528 855 iugi
554 814 709 846 custodia.

323 901 448 942 Gaude,
474 900 564 941 virgo
591 901 817 933 condelectans

320 950 400 990 Legi
424 949 498 989 Dei,
526 957 575 992 en,
603 952 793 990 exspectans

368 997 566 1038 Exspectavi
591 996 773 1038 Dominum,

323 1047 397 1086 Ora,
425 1045 502 1077 mihi
527 1054 612 1077 nunc
635 1046 782 1077 intendat

322 1096 429 1134 Atque
453 1101 513 1133 per
537 1096 571 1124 te
594 1102 645 1124 me
671 1092 826 1125 defendat

368 1144 398 1174 A
425 1140 582 1180 charybdi
606 1141 784 1174 criminum.

323 1227 447 1269 Gaude,
473 1227 574 1267 virgo,
600 1226 692 1259 bonis
721 1227 819 1266 dives,

321 1275 442 1315 Quibus
470 1275 549 1306 caeli
572 1275 714 1315 gaudent
740 1275 834 1313 civeS,

369 1324 439 1364 Ope
465 1322 570 1355 ditans
594 1331 780 1363 pauperem,

322 1371 391 1404 Fac
414 1379 466 1403 me
488 1371 521 1402 in
546 1371 701 1403 virtutum
725 1372 814 1403 scala

323 1420 377 1453 Sic
401 1419 537 1460 protegi,
565 1419 650 1459 quod
674 1420 708 1451 in
733 1420 818 1451 mala

369 1467 433 1500 Die
456 1467 548 1498 malis
571 1467 735 1507 imperem.

323 1554 447 1597 Gaude,
473 1562 597 1594 gemma
621 1554 811 1594 puellarum,

321 1603 411 1635 Sicut
436 1610 550 1634 cervus
576 1602 618 1634 ad
643 1611 794 1643 aquarum

366 1651 489 1683 Fontes
514 1659 644 1682 currens
669 1651 791 1691 sitiens,

322 1699 376 1732 Sic
399 1700 440 1731 ad
454 1698 569 1737 Deum,
597 1697 717 1730 fontem
733 1699 852 1738 vivum,

322 1747 466 1787 Curram,
479 1746 635 1787 quidquid
642 1747 852 1787 estnocivum,

368 1797 416 1829 Te
442 1794 523 1828 duce
546 1795 776 1836 pertransiens

323 1883 445 1922 Gaude,
474 1891 555 1922 quae
580 1882 687 1914 vicisti
712 1881 838 1924 fortem,

321 1932 369 1964 Te
393 1934 503 1963 tuente
526 1938 577 1961 me
603 1934 782 1964 consortem

369 1980 443 2012 Non
467 1978 608 2011 habeant
632 1979 732 2022 impii,

322 2028 387 2061 Sed
411 2028 451 2060 de
475 2029 569 2068 gente
596 2027 691 2067 digna
715 2027 825 2067 sperni

322 2076 458 2109 Causam
482 2084 585 2107 meam
609 2074 662 2107 fac
688 2075 827 2108 discerni

367 2125 407 2158 In
429 2125 482 2157 die
504 2124 627 2156 iudicii.

322 2221 446 2262 Gaude,
473 2221 574 2262 virgo,
602 2223 637 2252 et
661 2220 836 2260 gaudentes

321 2270 394 2302 Tibi
418 2269 520 2302 redde
542 2269 738 2308 innocentes,

367 2319 465 2352 Potes
490 2317 611 2358 absque
637 2317 744 2359 dubio,

319 2368 361 2400 In
386 2366 516 2400 auribus
541 2365 660 2399 nostris
686 2369 788 2407 sonat,

321 2416 455 2455 Quantis
480 2415 573 2447 malis
598 2414 693 2447 finem
718 2416 818 2455 ponat

367 2464 439 2497 Tua
462 2464 635 2498 miseratio.

925 246 982 279 46.

924 574 980 606 47.

923 902 980 935 48.

925 1229 982 1261 49.

926 1556 981 1589 50.

925 1883 980 1917 51.

924 2223 980 2255 52.

1011 245 1134 288 Gaude,
1161 246 1255 285 porta
1280 238 1434 285 paradisi,

1008 293 1131 326 Domus
1156 293 1261 325 eboris
1288 291 1386 325 excisi

1056 342 1131 382 Ipso
1157 341 1219 373 Dei
1245 341 1355 381 digito,

1008 389 1095 429 Quae
1121 390 1254 422 caelitus
1278 386 1432 428 accepisti

1007 438 1150 470 Verbum
1175 437 1293 469 bonum
1318 435 1436 468 mundo
1461 430 1517 464 isti

1055 486 1132 519 Sine
1156 486 1267 517 mundi
1291 485 1415 516 merito.

1010 573 1132 614 Gaude,
1159 573 1248 612 virgo
1276 580 1331 603 cor
1355 566 1528 609 tranquille

1008 621 1141 662 Semper
1164 620 1296 660 habens,
1323 619 1410 651 cuius
1435 617 1491 648 ille

1055 670 1166 702 Virtus
1193 671 1225 699 et
1248 666 1418 708 refugium,

1008 714 1542 758 Perquemtransferenturmontes

1008 766 1045 798 In
1073 774 1127 797 cor
1151 773 1241 796 mare
1266 767 1361 804 atque
1385 761 1491 795 fontes

1060 815 1164 855 Super
1189 813 1257 844 alta
1280 811 1443 844 montium.

1009 901 1131 944 Gaude,
1160 900 1247 931 cuius
1271 899 1371 930 menti
1393 905 1495 939 purae

1008 949 1123 981 Omnes
1149 950 1260 988 gentes
1277 947 1437 987 plaudunt
1454 945 1535 986 iure,

1053 996 1211 1029 Mundum
1235 995 1355 1027 munda
1376 993 1515 1031 transiit,

1007 1043 1188 1085 Terribilis,
1214 1052 1264 1085 en,
1290 1052 1347 1075 rex
1371 1049 1503 1082 magnus

1006 1092 1057 1125 De
1082 1096 1114 1124 te
1137 1092 1225 1124 mitis
1251 1092 1335 1123 sicut
1357 1099 1457 1131 agnus

1052 1141 1139 1173 Miro
1164 1139 1259 1172 modo
1283 1139 1414 1179 prodiit.

1010 1227 1133 1270 Gaude,
1162 1236 1254 1267 quam
1280 1227 1328 1258 sic
1352 1225 1531 1266 praeelegit

1007 1276 1087 1317 Rex,
1114 1275 1167 1316 qui
1192 1283 1290 1315 regna
1317 1277 1431 1306 cuncta
1446 1273 1540 1315 regit,

1052 1324 1102 1357 Ut
1125 1323 1232 1363 regnis
1259 1322 1460 1364 praeminetis

1006 1371 1052 1404 Et
1075 1372 1111 1403 in
1135 1380 1258 1403 summa
1284 1371 1413 1403 civitate

1007 1420 1147 1461 Throno,
1175 1419 1269 1461 dono,
1297 1420 1454 1460 dignitate

1056 1467 1199 1500 Similem
1223 1476 1287 1500 non
1311 1467 1443 1503 habeas,

1009 1554 1132 1598 Gaude,
1145 1554 1246 1595 virgo,
1263 1564 1357 1595 quam
1369 1555 1540 1588 laudantes

1006 1603 1121 1636 Omnes
1147 1602 1257 1634 orbem
1283 1603 1479 1643 habitantes,

1054 1651 1214 1692 Quotquot
1239 1654 1314 1684 sunt
1339 1652 1502 1693 catholici,

1006 1699 1105 1731 Dives
1129 1703 1226 1739 atque
1249 1709 1374 1740 pauper
1398 1710 1463 1733 una

1008 1747 1179 1780 Caecitatis
1206 1748 1247 1780 de
1270 1749 1386 1781 lacuna

1054 1797 1118 1829 Per
1142 1800 1174 1828 te
1199 1796 1342 1837 gaudent
1368 1798 1438 1830 eici.

1009 1883 1131 1927 Gaude,
1158 1883 1260 1925 virgo,
1287 1885 1341 1917 via
1365 1885 1462 1929 vitae,

1008 1931 1164 1965 Genetrix
1185 1933 1470 1977 archimandritae,

1056 1980 1156 2020 Quam
1183 1981 1299 2014 decore
1323 1982 1482 2015 Dominus

1008 2029 1063 2061 Ad
1087 2038 1260 2071 supernam
1284 2035 1406 2064 terram
1428 2034 1524 2064 vocat

1007 2077 1051 2109 Et
1075 2078 1110 2110 in
1134 2078 1209 2111 altis
1235 2087 1305 2111 eam
1329 2080 1416 2112 locat

1053 2125 1122 2159 Sibi
1146 2126 1241 2159 sitam
1266 2129 1453 2164 comminus,

1008 2222 1131 2265 Gaude,
1154 2226 1292 2257 matrem
1309 2226 1398 2261 cuius
1415 2227 1545 2260 Annam

1007 2271 1223 2313 Magnificans
1248 2273 1338 2307 Deus
1363 2284 1511 2317 magnam

1056 2322 1121 2354 Per
1143 2322 1411 2369 misericordiam,

1008 2369 1078 2402 Tuo
1104 2371 1288 2403 illustratur
1313 2375 1397 2414 ortu,

1008 2417 1048 2450 In
1072 2419 1248 2459 tranquillo
1275 2420 1361 2452 vitae
1387 2424 1485 2462 portu

1056 2466 1165 2500 Ducas
1190 2476 1249 2499 nos
1276 2468 1317 2500 ad
1344 2469 1492 2508 gloriam.
