1655 2726
673 133 935 172 —149d

138 227 218 262 352.
236 227 355 263 Sanum
381 240 508 273 quoque
532 232 704 266 custodisti

233 278 266 310 A
291 279 365 312 telis
391 281 628 314 transeuntium

234 325 280 359 Et
305 336 326 359 a
348 327 436 369 ligno
464 329 654 370 dissolvisti,

236 375 262 407 Ο
288 375 356 408 vita
382 377 596 413 morientium.

838 236 918 270 353.
932 236 1141 270 Morientium
1165 236 1300 280 animae,

934 285 1055 325 Quibus
1080 288 1116 319 tu
1139 285 1179 318 fis
1205 287 1354 329 propitia,

930 333 983 366 Ab
1010 335 1131 374 angelis
1154 334 1329 367 laetissime

931 381 1114 422 Rapiuntur
1139 391 1209 415 cum
1235 384 1347 424 gloria.

484 467 565 499 354.
584 465 664 500 Cum
688 467 791 507 gloria
815 470 848 500 te
870 467 1057 501 laudantem

580 515 660 547 Mox
685 524 736 547 me
760 515 880 548 mundo
905 516 1064 549 mortifica

581 561 780 605 infernaque
805 563 1032 597 formidantem

583 611 821 651 Temporaliter
842 612 961 647 iudica.

744 736 858 771 XLII.

135 822 358 864 355.1udioa‚
386 822 487 864 virgo,
516 832 572 855 cor
596 832 700 854 meum

233 869 298 903 Hic
323 870 495 911 compungi
519 874 585 903 tam
611 871 740 913 acriter,

232 918 278 952 Ut
302 921 461 959 purgatus
487 922 562 951 ante
585 918 690 951 Deum

232 968 420 1006 Appaream
445 967 605 1000 hilariter.

135 1054 216 1087 356.
232 1053 299 1085 Iter
324 1053 366 1086 ad
395 1053 477 1085 caeli
501 1053 637 1094 gloriam

230 1101 399 1145 Ostendam,
429 1102 480 1134 via
507 1101 639 1142 gloriae,

231 1149 329 1182 Suam
355 1149 416 1182 tibi
441 1150 604 1182 miseriam

227 1198 420 1231 ostendenti
447 1199 576 1232 cotidie.

132 1286 211 1319 357.
226 1286 355 1319 Cotidie
379 1286 413 1318 in
439 1286 582 1318 tenebris

226 1334 322 1379 Mihi,
350 1344 479 1376 quaeso,
505 1335 550 1367 sis
574 1334 733 1375 proxima,

226 1383 344 1424 Maria,
371 1383 452 1415 lucis
480 1383 616 1416 celebris

228 1431 380 1465 Lucerna
403 1433 674 1472 praeclarissima.

831 826 910 859 358.
927 824 1191 859 Praeclarissima
1215 827 1338 860 meritis

925 874 998 906 Lux
1023 873 1149 915 fulgens
1173 875 1260 907 inter
1283 876 1428 920 nebulas,

926 920 1041 954 Radiis
1067 923 1130 955 tuis
1152 923 1256 955 solitis

926 970 1075 1002 Internas
1101 974 1191 1011 terge
1217 972 1369 1006 maculas,

830 1056 910 1089 359.
923 1055 1070 1089 Maculas
1097 1067 1116 1089 a
1139 1066 1191 1089 me
1218 1057 1321 1091 diluat

925 1104 988 1136 Per
1013 1108 1046 1137 te
1069 1106 1182 1138 altaris
1207 1107 1322 1147 hostia,

923 1151 1063 1185 Reficiat
1088 1156 1121 1185 et
1144 1154 1258 1186 induat

925 1200 1113 1235 Sanctitatis
1137 1211 1188 1234 me
1213 1203 1326 1244 gloria.

828 1288 907 1321 360.
924 1288 1037 1321 Gloria
1062 1289 1132 1332 tibi,
1160 1290 1282 1331 regina,

922 1337 1107 1377 Pauperurn
1133 1338 1341 1379 exspectatio,

923 1385 1023 1425 Quam
1049 1386 1229 1419 substantia
1256 1386 1367 1419 divina

922 1434 1107 1467 Pei-lustrat
1129 1435 1313 1476 privilegio.

730 1538 856 1572 XLIII.

131 1614 213 1648 361.
227 1615 326 1654 Deus,
353 1617 473 1648 nostris
499 1616 680 1649 audivimus

226 1664 371 1697 Auribus
394 1665 478 1698 mira
502 1674 612 1708 opera,

226 1713 315 1754 Quae
332 1714 462 1755 pandis,
489 1717 581 1747 actor
594 1713 763 1759 maximus,

226 1761 264 1793 In
290 1762 415 1803 virgine
439 1771 610 1804 puerpera.

130 1850 210 1883 362.
227 1849 394 1890 Puerpera
418 1850 509 1890 virgo
535 1849 633 1892 facta,

224 1898 334 1931 Mater
358 1907 477 1931 ornans
503 1907 613 1932 omnes
630 1902 762 1941 matres,

225 1947 333 1979 Iesum
357 1950 492 1988 portans
518 1948 565 1980 sic
588 1948 720 1991 intacta,

224 1994 388 2029 Liberasti
414 1999 542 2029 nostros
568 2000 689 2038 patres.

127 2084 208 2118 363.
222 2083 340 2116 Patres
366 2084 469 2117 nostri
494 2087 710 2118 narraverunt

223 2132 276 2165 De
300 2135 343 2174 te,
370 2135 474 2165 mater
499 2133 681 2178 benedicta,

223 2181 316 2221 Quod
340 2191 401 2223 per
426 2186 459 2215 te
484 2186 559 2215 sunt
582 2186 614 2215 et
631 2182 763 2216 fuerunt

222 2230 339 2263 Deleta
364 2231 477 2264 mundi
504 2231 635 2266 delicta.

124 2319 206 2353 364.
220 2318 352 2351 Delicta
376 2328 437 2361 per
461 2322 495 2352 te
518 2319 644 2354 laxavit

222 2367 328 2400 Iudici
352 2368 441 2401 Deus
465 2368 618 2412 urbanus,

221 2416 321 2457 Quem
348 2416 549 2458 Stephanum
574 2417 743 2451 suscitavit

219 2465 267 2498 Te
290 2469 447 2506 precante
472 2466 546 2499 Iesu
571 2476 695 2501 manus.

826 1618 907 1650 365.
922 1616 1040 1650 Manus
1065 1619 1121 1649 tua
1148 1617 1346 1658 disperdidit

922 1666 1074 1700 Inimicos
1100 1665 1287 1707 infernaleS‚

919 1714 965 1747 Et
989 1713 1124 1747 verbum
1150 1717 1240 1746 tuum
1264 1714 1411 1747 reddidit

920 1762 1060 1795 Fructus
1086 1763 1180 1796 nobis
1204 1763 1414 1798 immortales.

825 1851 1123 1884 366.1mmorta1es
1149 1860 1234 1883 nunc
1259 1851 1395 1883 virtutes

919 1899 1017 1933 Mitte
1042 1899 1105 1932 tuis
1131 1908 1228 1932 manu
1253 1899 1317 1941 pia,

919 1947 1040 1988 Quibus
1066 1950 1138 1980 tuos
1164 1956 1293 1989 semper
1317 1951 1402 1981 tutes

917 1998 949 2029 A
974 1997 1155 2040 seductore,
1180 1997 1298 2031 Maria.

822 2085 903 2119 367.
918 2085 1035 2128 Maria,
1062 2088 1096 2117 te
1122 2085 1326 2118 laudabimus

918 2134 1002 2167 Tota
1028 2135 1091 2176 die,
1117 2133 1302 2174 laudabilis⁷

916 2183 962 2216 Et
985 2191 1101 2215 nomen
1126 2182 1346 2215 invocabimus

918 2232 1007 2265 Tuae
1031 2240 1191 2273 personae
1214 2231 1344 2266 nobilis.

822 2319 901 2354 368.
917 2318 1046 2352 Nobilis
1073 2320 1106 2350 et
1129 2317 1270 2352 nobilior

915 2368 960 2402 Et
985 2376 1114 2408 semper
1140 2367 1350 2411 nobilissima,

914 2417 953 2450 In
979 2419 1036 2449 tua
1059 2416 1157 2449 laude
1182 2417 1304 2457 glorior

914 2466 1088 2508 Omnisque
1113 2466 1257 2507 prudens
1281 2468 1397 2501 anima.
