1655 2726
188 199 242 231 27.
256 198 349 231 Beati
374 207 482 231 omnes
507 199 656 231 timentes

257 247 363 279 Deum
389 248 421 279 et
443 247 534 279 laudi
558 246 742 279 insistentes

258 295 394 335 Mariae,
424 294 536 327 matris
556 295 659 327 nostri
676 293 816 335 Domini,

260 342 320 382 Qui
341 343 408 375 vita
433 346 482 375 est
506 345 537 374 et
562 343 648 375 salus
673 343 804 375 homini.

189 410 244 444 28.
261 409 364 449 Saepe
390 412 652 451 expugnaverunt

256 458 312 490 Me
337 457 443 489 hostes
467 459 499 491 vi
524 462 685 499 proterva,

258 506 397 538 Vincere
420 514 484 538 non
510 509 690 550 potuerunt,

259 554 305 586 Te
331 554 388 596 sic,
417 554 515 595 virgo,
545 563 595 586 me
620 563 784 588 conserva.

188 621 244 654 29.
258 621 310 653 De
316 620 487 660 profundis
494 622 535 654 ad
542 625 575 654 te
581 630 687 654 arcam
696 621 819 654 Christi

260 668 413 711 clamavi,
442 678 523 710 quae
547 669 639 702 nobis
666 669 806 703 effudisti

259 717 458 749 'thesaurum
495 718 688 758 productum
722 727 817 759 syna—

587 775 676 809 goga,

259 813 324 845 Pro
345 813 448 854 nobiS,
475 814 566 854 virgo
590 817 704 856 mater,
729 823 796 847 ora.

189 889 407 932 30.Domine,
434 899 496 923 non
523 893 571 922 est
596 891 768 923 exaltatum

259 937 322 970 Cor
347 938 479 979 virginis
505 940 609 979 gratia
634 947 782 980 superna,

259 986 349 1025 Quod
363 987 409 1018 sio
419 995 479 1026 pro
493 987 586 1019 nobis
600 990 649 1018 est
659 990 815 1030 ornatum,

258 1034 306 1067 Ut
330 1037 458 1066 nostrae
481 1034 567 1068 vitae
591 1035 635 1068 sit
657 1036 798 1070 lucerna.

188 1110 246 1145 31.
258 1110 423 1142 Memento
447 1110 540 1143 bonis
560 1111 723 1154 insignita,

258 1158 283 1191 Ο
309 1158 411 1201 virgo,
437 1160 521 1200 regis
545 1160 623 1192 urbs
649 1161 780 1201 munita,

257 1206 306 1239 Ut
328 1206 419 1239 laxes
444 1208 508 1239 reis
535 1208 644 1239 debita

258 1256 449 1295 Augeasque
474 1255 565 1287 bonis
590 1256 715 1288 merita.

188 1332 245 1365 32.
258 1331 355 1374 Ecce,
392 1340 484 1372 quam
517 1331 633 1365 bonum
667 1335 700 1364 et
724 1341 816 1373 quam

585 1381 767 1423 iucundum,

258 1427 350 1468 Quod
358 1427 435 1460 exiit
442 1437 501 1468 per
508 1431 669 1468 teportam
678 1429 816 1461 clausam

260 1477 347 1509 Deus
360 1476 556 1509 descendens
566 1476 599 1509 in
609 1476 816 1518 profundum,

263 1524 309 1557 Ut
332 1527 474 1557 nostram
491 1524 660 1565 perficeret
680 1534 817 1557 causam.

189 1602 232 1636 33
238 1627 245 1634 .
253 1601 341 1633 Ecce
349 1609 444 1641 nunc,
452 1601 820 1641 quaepraeviditDaniei

260 1649 306 1682 Et
331 1658 412 1690 quae
436 1649 596 1681 nuntiavit
621 1649 762 1690 Gabriel,

259 1697 353 1737 Quod
378 1707 411 1730 es
435 1706 512 1730 vere
534 1697 707 1731 benedicta

261 1745 456 1787 Gratiaeque
479 1748 583 1778 mater
609 1746 703 1779 dicta.

190 1823 247 1857 34.
262 1822 410 1856 Laudate
434 1831 547 1855 nomen
575 1823 758 1867 conditoris,

261 1870 321 1910 Qui
347 1871 462 1903 missus
479 1871 605 1904 Mariae
625 1871 664 1903 de
680 1871 819 1915 sublimi,

260 1919 299 1951 In
325 1919 417 1951 nobis
442 1919 566 1960 gratiae
591 1918 784 1961 fundatoris,

261 1967 345 1999 Dum
357 1976 484 2000 carnem
492 1968 820 2008 sumpsitnostrilimi.

191 2046 246 2079 35.
263 2043 466 2078 Confitemini
491 2046 577 2078 vitae
602 2046 710 2077 lumen

259 2092 306 2125 Et
329 2093 474 2133 paradisi
499 2103 613 2134 purum
638 2091 767 2136 flumen,

264 2141 413 2187 Mariam,
448 2142 536 2174 cuius
561 2141 698 2182 pulchra
723 2140 822 2175 facies

264 2190 355 2222 Inter
378 2190 532 2224 caelestes
558 2191 708 2231 splendet
727 2191 823 2224 acies.

191 2269 247 2301 36.
261 2267 368 2308 Super
380 2266 511 2300 flumina
522 2267 698 2309 Babylonis
710 2265 824 2301 flentes

260 2315 353 2349 Fecit
378 2316 467 2349 Deus
493 2317 683 2360 repatriare,

260 2364 286 2397 O
300 2366 403 2408 virgo,
416 2366 450 2398 in
463 2365 581 2398 mundo
595 2374 653 2398 nos
664 2368 825 2407 gementes

261 2412 330 2447 Fac
356 2413 437 2448 caeli
460 2423 594 2456 regnum
619 2413 751 2449 intrare.

878 200 933 233 37.
950 198 1143 239 confitebor,
1171 199 1255 240 quod
1282 200 1331 230 est
1356 199 1508 230 venturus

949 248 1027 281 Cum
1041 246 1176 281 flammis
1187 246 1279 280 fortis
1287 246 1386 279 iudex
1397 246 1506 286 durus,

948 296 972 328 O
1001 296 1099 337 virgo,
1127 301 1205 330 tunc
1229 299 1261 328 te
1285 294 1419 327 ostende

946 343 1050 376 Nobis
1075 344 1159 385 piam
1189 347 1221 376 ot
1247 342 1393 377 defende.

876 421 933 454 38.
949 420 1095 464 Domine,
1120 421 1267 461 probasti
1293 427 1495 461 cognoscens,

947 469 1035 509 Quod
1043 472 1184 502 nostrum
1189 469 1506 509 opusesthumanum‚

946 517 1063 557 Maria,
1089 518 1133 549 sis
1158 527 1217 558 pro
1241 517 1334 550 nobis
1360 524 1507 557 poscens,

949 564 999 597 Ne
1024 565 1116 598 labor
1139 569 1248 598 noster
1266 566 1308 598 sit
1324 566 1356 597 in
1376 573 1505 597 vanum.

877 641 1049 681 39.Eripe
1073 650 1124 674 me
1148 652 1207 683 per
1233 645 1302 675 tuas
1328 650 1441 682 preces

945 689 990 722 Et
1019 690 1138 722 munda
1163 691 1269 723 cordis
1295 691 1357 722 mei
1383 688 1499 732 faeces,

950 738 1057 780 Virgo,
1086 747 1125 770 ne
1149 747 1200 770 me
1226 739 1332 771 hostes
1358 737 1482 781 fallant,

945 786 1005 826 Qui
1029 795 1080 818 me
1105 789 1174 819 tota
1199 787 1251 819 die
1276 788 1407 820 vallant.

875 863 931 896 40.
949 862 1096 904 Domine,
1124 863 1276 895 clamavi:
1304 863 1443 907 intende,

948 911 1038 950 Quod
1056 914 1159 943 mater
1171 911 1262 952 virgo
1276 920 1328 944 me
1339 912 1505 955 suscipiat,

946 959 991 991 Et
1015 959 1152 999 gratiam
1176 960 1254 992 mihi
1279 961 1439 1000 impende,

946 1007 997 1039 Ne
1021 1008 1124 1039 malus
1150 1008 1251 1040 hostis
1275 1017 1328 1040 me
1353 1009 1504 1049 decipiat.

877 1083 932 1117 41.
948 1083 1035 1115 Voce
1056 1084 1161 1116 cordis
1179 1087 1221 1127 te,
1251 1085 1351 1127 virgo,
1378 1094 1504 1127 precor,

949 1131 995 1164 Ut
1018 1132 1098 1165 mihi
1123 1140 1181 1172 per
1205 1136 1239 1164 te
1265 1133 1359 1165 detur
1383 1133 1489 1175 decor,

945 1180 1005 1219 Qui
1030 1180 1077 1211 sic
1099 1181 1237 1213 animam
1263 1181 1403 1223 decoret,

948 1227 1038 1266 Quod
1064 1232 1106 1268 te,
1133 1231 1170 1260 ut
1196 1228 1298 1271 decet,
1323 1230 1469 1265 honoret.

876 1304 932 1336 42.
946 1303 1094 1344 Domine,
1121 1305 1237 1337 exaudi
1261 1314 1314 1337 me
1338 1309 1483 1339 orantem

945 1351 991 1384 Et
1016 1352 1139 1384 Mariae
1164 1361 1214 1385 me
1238 1354 1435 1397 commenda,

946 1400 997 1432 Ne
1023 1400 1183 1441 despicias
1198 1410 1251 1433 me
1269 1403 1508 1447 deprecantem,

948 1447 1011 1481 Sed
1037 1449 1134 1481 vitam
1160 1458 1262 1482 meam
1290 1451 1434 1485 emenda.

877 1526 933 1559 43.
949 1525 1142 1558 Benedictus
1167 1526 1266 1570 Deus,
1303 1528 1357 1568 qui
1383 1528 1510 1572 ditavit,

949 1573 1016 1606 Nos
1041 1574 1202 1614 propitius
1230 1576 1304 1608 dum
1330 1577 1474 1610 visitavit

950 1621 1013 1654 Per
1036 1622 1185 1665 Mariam,
1214 1633 1308 1664 quam
1332 1625 1477 1669 intravit,

950 1669 1094 1702 Gratiam
1122 1671 1196 1704 dum
1218 1673 1311 1705 nobis
1339 1674 1480 1709 donavit.

878 1757 934 1790 44.
948 1756 1108 1790 Exaltabo
1134 1760 1167 1790 te
1193 1761 1225 1790 et
1250 1759 1449 1806 benedicam,

949 1804 1048 1848 Deus,
1076 1814 1199 1839 merces
1226 1816 1259 1839 es
1284 1810 1492 1850 gaudentium

948 1853 986 1885 In
994 1855 1091 1898 caelo,
1100 1855 1223 1896 ovirgo,
1231 1855 1294 1899 fac,
1301 1859 1387 1897 quod
1393 1859 1498 1892 dicam
1507 1871 1514 1892 ;

950 1901 1112 1935 Laetabor
1136 1903 1170 1935 in
1195 1908 1283 1938 terra
1307 1906 1494 1943 viventium.

882 1988 1076 2032 45.Lauda‚
1103 1990 1219 2032 anima,
1245 1991 1307 2024 hoc
1330 2002 1454 2039 munus,

951 2037 1031 2069 Tres
1057 2040 1181 2078 operati
1207 2044 1291 2082 sunt,
1317 2045 1402 2082 quod
1420 2053 1514 2080 unuS.

952 2086 1013 2125 Qui
1039 2094 1078 2118 ex
1105 2087 1232 2128 virgine
1254 2091 1350 2122 natus
1368 2083 1516 2134 apparet,

952 2134 991 2167 In
1013 2137 1149 2167 mortem
1166 2145 1202 2168 se
1219 2146 1280 2177 pro
1300 2139 1392 2172 nobis
1412 2140 1515 2176 daret.

885 2221 941 2254 46.
956 2221 1103 2254 Laudate
1114 2221 1295 2265 Dominum,
1307 2228 1457 2266 quoniam
1463 2230 1520 2263 bo.

958 2317 1018 2358 Qui
1028 2327 1086 2358 pro
1093 2318 1184 2352 nobis
1193 2283 1519 2368 factusnilllissdolorum,

959 2366 1055 2400 Cuius
1080 2367 1189 2401 Maria
1214 2370 1336 2404 electus
1361 2374 1507 2420 thronus,

959 2415 1084 2449 Probra
1108 2426 1223 2459 passus
1248 2419 1452 2455 Iudaeorum.
