1655 2726
133 208 190 241 31.

135 538 192 573 32.

136 869 192 902 33.

133 1197 189 1229 34.

132 1530 189 1562 35.

131 1861 188 1893 36.

129 2203 185 2237 37.

662 110 900 147 -57—

219 208 343 250 Gaude,
370 212 518 242 sanctum
534 209 596 242 Dei
618 210 754 252 plasma,

219 257 315 291 Cuius
332 261 453 290 statum
471 266 534 290 non
552 258 753 303 phantasma,

264 305 338 338 Non
366 314 457 338 error
481 306 624 339 malitiae

217 354 324 386 Movit
348 363 487 395 unquam
515 355 554 387 de
580 355 717 388 humano

217 402 381 435 Plasmate
407 402 439 435 in
464 405 551 435 statu
576 412 654 436 sano

265 451 363 491 Spem
390 450 561 493 complecti
585 452 708 487 veniae.

221 538 346 581 Gaude,
374 539 541 571 humilium
565 548 687 583 parma,

220 587 282 619 Per
308 596 404 628 quam
430 588 616 620 devitantur
642 597 733 620 arma

266 634 485 677 Superborum
512 636 681 679 principis,

220 683 284 716 Per
310 688 341 716 te
367 684 427 716 Dei
454 684 596 718 salutare

221 732 287 764 Nos
315 732 464 773 dignetur
490 734 614 766 sociare

269 780 341 823 His,
369 790 448 822 quos
474 790 599 814 sursum
626 781 755 822 recipis,

221 867 345 909 Gaude,
373 877 454 909 quae
478 870 510 901 in
537 868 625 901 celsa
649 869 727 901 sede

220 916 309 951 Caeli
334 918 439 958 sedes,
466 917 632 949 intercede

270 964 332 996 Pro
357 963 447 997 fideli
476 965 607 1006 populo,

219 1012 269 1044 Ne
294 1013 428 1045 zabulus
451 1022 507 1045 nos
532 1012 647 1054 fatiget

219 1060 309 1092 Neve
336 1062 434 1094 corda
459 1063 571 1094 nostra
594 1061 673 1102 liget

265 1109 442 1142 Pravitatis
467 1110 606 1143 vinculo,

217 1196 341 1236 Gaude,
367 1196 560 1230 luminosum
587 1197 688 1238 sidus,

215 1245 390 1286 Impiorum
418 1254 496 1286 grex
522 1245 640 1279 infidus

269 1294 390 1334 Populo
416 1293 559 1326 fidelium

214 1342 262 1374 Te
286 1343 427 1375 micante
451 1342 625 1383 resipiscat

213 1390 259 1423 Et
283 1394 425 1424 sectator
451 1399 521 1423 esse
548 1392 652 1424 discat

264 1440 381 1480 Legem
411 1440 622 1481 diligentium.

218 1528 342 1571 Gaude,
368 1528 526 1570 virginum
552 1529 694 1570 lucerna,

215 1577 333 1609 Mundi
358 1577 445 1609 salus
471 1578 679 1620 sempiterna,

266 1626 388 1659 Lumen
412 1625 613 1669 indeficiens,

213 1674 340 1715 Lingua
365 1683 437 1707 mea
462 1674 540 1706 mihi
565 1678 658 1707 sonet

214 1723 262 1756 Te
289 1723 442 1763 canendo,
471 1723 556 1764 quod
572 1732 637 1756 non
657 1723 752 1756 donet

262 1771 442 1805 Paraclitus
468 1772 608 1806 veniens

216 1859 340 1901 Gaude,
366 1860 399 1892 in
426 1868 489 1901 qua
514 1860 561 1892 nil
586 1868 724 1905 enorme,

215 1908 312 1942 Cuius
341 1909 437 1942 decus
461 1908 670 1949 multiforme,

268 1957 364 1991 Cuius
391 1957 470 1990 felix
496 1958 604 1991 anima

215 2006 372 2039 Mundum
401 2007 489 2049 vicit,
515 2007 561 2039 nil
586 2007 717 2048 iniquae

217 2055 323 2088 Partis
350 2055 482 2096 habenS,
509 2057 566 2089 sed
593 2056 711 2097 ubique

263 2104 360 2137 Stans
386 2105 418 2136 in
444 2108 539 2144 parte
566 2106 711 2141 dextera.

214 2201 336 2243 Gaude,
363 2202 465 2244 virgo,
484 2202 571 2243 quod
590 2202 630 2235 de
648 2211 755 2235 massa

214 2251 315 2292 zyma
339 2251 510 2284 vetustatis
535 2260 634 2292 passa

261 2298 472 2333 Defaecatam
499 2300 604 2333 edidit

216 2349 324 2384 Iustus
349 2349 457 2393 iudex,
486 2349 540 2390 qui
566 2347 738 2392 effringens

217 2397 436 2439 Superborum
464 2399 559 2431 chaos
581 2398 696 2439 ingens

265 2446 338 2480 Suis
364 2447 467 2480 lucem
494 2447 651 2481 reddidit.

828 211 883 245 38.

829 541 883 574 39.

826 871 882 903 40.

825 1198 881 1231 41.

824 1530 879 1563 42.

824 1860 882 1894 43.

828 2203 885 2235 44.

911 210 1035 251 Gaude,
1062 220 1188 253 semper
1216 220 1353 245 vernans
1370 221 1446 245 rosa

908 259 1050 301 Liliique
1074 269 1230 302 generosa

958 308 1067 349 Atque
1091 309 1174 342 mira
1199 309 1333 351 species,

911 357 1009 391 Cuius
1034 356 1145 389 florem
1171 366 1235 389 non
1257 357 1402 398 aestatis,

912 404 983 438 Non
1011 405 1166 438 hibernae
1190 406 1391 445 tempestatis

959 453 1079 486 Laedit
1101 454 1321 494 intemperies.

913 540 1036 581 Gaude,
1066 541 1106 573 de
1131 549 1194 581 qua
1218 543 1312 573 natus
1339 538 1400 571 fuit

911 589 1027 626 Iustus,
1054 598 1116 629 quo
1140 588 1248 621 iudice
1271 588 1336 620 ruit

958 637 1097 669 Zabulus
1123 638 1165 669 ad
1190 637 1310 676 infima,

911 685 1006 718 Victa
1031 685 1161 727 languet
1185 685 1232 717 vis
1251 685 1349 725 illius,

910 733 970 773 (Qui
996 733 1103 766 fuerat
1128 732 1222 766 fortis
1247 733 1339 773 prius

959 782 995 814 In
1022 783 1100 814 sede
1125 781 1310 816 clarissima.

912 869 1034 911 Gaude,
1051 870 1152 910 virgo,
1168 877 1261 908 quam
1272 869 1318 900 sic
1328 871 1446 910 amant,

909 917 963 949 Ad
989 927 1083 958 quam
1110 920 1176 949 toto
1195 916 1292 949 corde
1308 917 1449 949 clamant

957 965 1021 997 Tot
1050 974 1109 1005 per
1134 964 1245 998 orbem
1271 965 1446 1006 supplices,

910 1013 1022 1045 Nostri
1047 1014 1134 1054 piam
1162 1022 1269 1045 curam
1295 1013 1390 1054 habe,

910 1061 964 1093 Sic
990 1070 1048 1095 nos
1074 1062 1204 1102 munda,
1230 1063 1267 1093 ut
1292 1070 1310 1093 a
1336 1061 1411 1093 labe

956 1110 1087 1142 Peccati
1110 1108 1274 1149 purifices.

909 1197 1034 1238 Gaude,
1063 1198 1259 1230 consolatrix
1283 1197 1377 1236 bona,

908 1246 1075 1287 Virginum
1101 1245 1171 1278 laus
1198 1248 1230 1277 et
1256 1254 1375 1278 corona

955 1294 1152 1326 Exhilarans
1176 1292 1312 1334 flebiles,

909 1343 993 1374 Vitis
1018 1352 1121 1383 sacra,
1151 1342 1254 1375 dulcis
1278 1351 1353 1383 uva,

909 1391 976 1424 Nos
1003 1391 1134 1424 dulcore
1161 1394 1215 1422 tuo
1241 1392 1317 1423 iuva

955 1438 1002 1471 Et
1025 1438 1078 1472 fac
1102 1448 1179 1472 vere
1205 1439 1352 1472 humiles.

909 1528 1041 1568 Gaude,
1070 1529 1133 1561 vim
1161 1527 1309 1560 draconis
1340 1529 1447 1559 terens

906 1577 1075 1619 Princeps,
1096 1576 1312 1617 principatum
1330 1584 1445 1616 gerens

956 1624 1060 1666 Super
1086 1633 1194 1657 omnes
1219 1624 1394 1665 principes,

908 1674 1001 1713 Vivo,
1029 1683 1090 1714 quo
1116 1672 1245 1716 frueris,
1273 1682 1357 1713 pane

907 1722 1052 1756 Unitatis
1078 1721 1273 1754 christianae

956 1771 1081 1804 Recrea
1105 1769 1292 1813 participes.

910 1857 1048 1904 [Gaude,
1068 1860 1170 1899 virgo,
1185 1868 1266 1899 quae
1279 1867 1447 1900 aspersum

907 1908 1067 1941 Mundum
1093 1908 1184 1941 vides
1209 1908 1393 1940 universum

960 1957 1081 1990 Christi
1105 1955 1273 1998 beneficio,

910 2006 976 2045 Quo
990 2015 1079 2038 mens
1092 2004 1178 2038 freta
1190 2014 1254 2038 non
1270 2005 1446 2046 delinquat,

909 2055 988 2095 Fac,
1014 2057 1051 2087 ut
1076 2055 1105 2086 ei
1130 2055 1372 2095 adpropinquat:

958 2103 1081 2136 Nostra
1108 2101 1320 2146 deprecatio]

914 2200 1037 2241 Gaude,
1066 2203 1170 2232 mater
1194 2199 1358 2233 tribulatis

909 2250 1001 2283 Dans
1027 2250 1169 2282 solamen
1195 2248 1326 2288 pietatis

958 2298 1003 2332 Et
1028 2297 1281 2340 misericordiae,

913 2348 975 2381 Per
1000 2350 1033 2379 te
1060 2347 1150 2379 dolos
1177 2347 1360 2388 iniquorum

910 2396 1099 2430 'Devitemus
1125 2398 1158 2428 et
1183 2405 1328 2430 errorum

963 2444 1134 2479 Careamus
1162 2446 1257 2478 carie.

1233 2502 1277 2532 5*
