1655 2726
239 241 283 274 47

239 453 296 487 48.

769 138 1005 175 ,88-

290 267 297 275 .
327 241 464 275 Cantate
485 236 625 273 Domino
647 239 787 284 laudem,

327 289 388 329 Qui
414 288 537 329 antiqui
562 288 663 320 hostis
690 288 835 321 fraudem

322 338 386 370 Per
410 336 548 369 Mariam
572 335 737 380 revelavit,

322 385 458 418 Utemm
484 385 560 417 dum
584 384 730 417 intravit.

323 452 479 485 Dominus
505 452 661 495 regnavit,

321 500 406 533 Dum
431 509 517 532 mors
542 502 677 532 mortem
705 497 838 541 fugavit,

323 550 422 589 Quem
448 551 554 581 mater
578 548 668 589 virgo
694 548 839 591 nutrivit⁷

327 597 414 636 Quae
439 596 586 637 superari
610 596 764 637 nequivit.

933 239 989 272 49.
1014 237 1154 271 iubilate
1179 239 1213 269 et
1235 235 1314 269 laeti
1337 233 1420 274 sitis,

1018 286 1079 326 Qui
1105 286 1146 319 de
1171 285 1277 317 Maria
1302 291 1378 315 vere
1402 280 1505 321 scitis,

1018 334 1108 375 Quod
1137 333 1231 366 nobis
1256 333 1311 373 pia
1336 334 1385 363 est
1410 332 1442 362 et
1466 328 1554 361 mitis

1015 382 1137 415 Dolens
1162 381 1319 414 malitiam
1341 379 1421 412 litis.

938 452 992 485 50.
1019 449 1278 482 Misericordiam
1303 444 1491 487 impetravit

1016 497 1118 531 Nobis
1144 497 1234 538 virgo
1261 496 1382 529 blanda
1408 492 1556 533 benignis

1014 546 1061 578 Et
1084 547 1125 579 ad
1152 546 1289 589 gratiam
1313 542 1478 576 revocavit

1016 594 1083 626 Nos
1092 603 1155 627 non
1167 594 1258 637 dura,
1270 592 1328 626 sed
1334 590 1553 632 piamalignis.

634 682 788 716 Tertia
810 682 1138 723 Quinquagena.

290 785 297 793 .
323 760 704 802 Domine‚exaudirosam
713 769 868 800 rosarum,

324 809 411 849 Quae
436 809 492 840 lux
518 813 566 841 est
590 809 805 848 tenebrarum,

322 857 429 889 Maria
455 859 659 896 peccatorum
686 858 848 889 lucernam

323 905 426 937 Nobis
452 906 588 945 gratiam
614 909 726 945 petens
748 913 860 945 super-

628 963 714 987 nam.

324 1020 467 1053 Benedie
491 1020 575 1052 hanc
599 1021 776 1060 speciosam

324 1068 427 1109 Super
452 1068 558 1100 omnia
581 1067 727 1110 intuenti,

323 1117 463 1149 Matrem
488 1116 644 1157 virginem
668 1115 841 1157 gratiosam

327 1164 493 1196 Peccatori
519 1164 704 1196 revertenti.

291 1258 297 1265 .
325 1231 467 1263 Benedic
490 1231 574 1263 hanc
597 1231 747 1271 puellam,

324 1279 474 1321 Mariam,
500 1279 640 1311 lucidam
664 1279 802 1321 stellam,

324 1328 411 1367 Quae
435 1327 491 1358 lux
517 1330 696 1359 sanctorum
716 1327 859 1360 cordium

325 1375 387 1407 Est
412 1378 444 1406 et
468 1376 591 1415 gratiae
614 1374 837 1414 primordium.

291 1468 298 1474 .
325 1442 530 1485 confitemur,
542 1441 627 1482 quod
634 1442 754 1474 caelica
761 1442 860 1474 clavis

326 1490 376 1522 Sit
400 1493 432 1522 et
457 1490 609 1522 solacium
633 1489 799 1522 beatorum

324 1538 415 1570 Haec
439 1538 529 1578 virgo
557 1537 659 1570 dulcis
686 1542 717 1570 et
741 1538 847 1569 suavis

322 1586 489 1626 Nobisque
513 1586 625 1627 regula
648 1595 783 1619 morum.

291 1678 298 1686 .
326 1653 537 1696 Confitemini‚
547 1653 630 1693 quod
641 1662 705 1693 pax
714 1653 859 1685 odiorum

324 1701 374 1733 Sit
397 1701 504 1734 Maria
528 1703 677 1741 metaque
701 1701 857 1742 laborum,

327 1750 473 1783 Omnium
499 1749 661 1782 medicina
687 1749 831 1782 dolorum

324 1798 368 1830 Et
381 1798 520 1831 omnium
536 1797 684 1830 collatrix
693 1798 858 1832 bonorum.

288 1890 295 1898 .
323 1864 527 1899 Confitemini
552 1864 690 1897 Mariam
716 1872 797 1903 esse,

325 1913 425 1953 Quam
449 1912 568 1954 figurat
592 1913 686 1944 stella
710 1913 845 1954 marina,

326 1962 410 1994 Vere
435 1962 557 2002 virgam
581 1961 682 2000 stirpe
701 1961 741 1993 de
759 1961 857 2005 Iesse,

321 2011 506 2044 Producens
531 2008 643 2042 florem
668 2009 737 2041 sine
754 2010 857 2050 spina.

325 2088 475 2120 Paratum
503 2095 557 2118 cor
581 2085 624 2117 sit,
645 2086 678 2117 in
697 2085 859 2118 credendo

325 2136 370 2169 Et
395 2144 470 2169 vere
494 2134 632 2167 Mariam
660 2132 842 2166 confitendo

323 2183 526 2218 Adiutricem
550 2182 746 2224 paenitentis

321 2233 367 2266 Et
391 2232 548 2266 nutricem
573 2230 762 2263 innocentis

287 2335 295 2342 .
323 2311 422 2354 Deus,
448 2309 577 2342 laudem
603 2308 734 2340 honoris
931 2259 988 2293 16·

321 2359 448 2391 Mariae
474 2367 493 2390 a
516 2367 569 2390 me
593 2357 744 2398 recipias,

321 2407 368 2440 Ut
391 2416 450 2448 pro
475 2407 590 2439 merito
616 2405 736 2438 laboris

322 2455 372 2488 Tu
396 2458 431 2489 in
457 2456 553 2488 caelis
578 2463 631 2487 me
654 2453 822 2493 suscipias,

933 972 987 1005 10.

933 1182 988 1215 11.

932 1392 987 1425 12.

931 1604 987 1637 13.

931 1816 987 1848 14.

933 2038 988 2070 15.

955 761 984 793 9.
1008 758 1103 792 Dixit
1125 758 1299 791 Dominus:
1327 756 1475 798 Domine,

1013 807 1113 847 Quem
1136 809 1247 839 natum
1264 805 1398 845 virginis
1414 804 1552 843 nomine,

1016 854 1100 887 Sede
1125 865 1145 887 a
1171 854 1294 886 dextris
1319 853 1408 892 meis,

1016 903 1096 942 Quia
1119 902 1205 935 filius
1230 902 1294 934 Dei
1318 902 1414 942 regis,

1016 969 1200 1003 Confitebor
1225 969 1286 1001 Dei
1311 967 1422 1009 filium,

1014 1018 1139 1051 Mariae
1165 1018 1298 1058 virginis
1322 1015 1471 1053 fructum,

1015 1066 1074 1105 Qui
1101 1067 1244 1099 divinum
1269 1074 1328 1106 per
1354 1066 1520 1097 consilium

1014 1114 1131 1147 Sanum
1161 1114 1217 1145 dat
1242 1115 1308 1146 suis
1336 1114 1539 1147 conductum.

1015 1181 1133 1213 Beatus
1160 1180 1221 1222 vir,
1247 1182 1300 1221 qui
1318 1179 1423 1212 Deum
1445 1188 1551 1220 regem

1014 1229 1121 1261 Timet
1145 1231 1178 1261 et
1203 1229 1270 1260 eius
1298 1231 1388 1260 tenet
1411 1229 1528 1269 legem,

1014 1277 1099 1309 Huic
1123 1277 1231 1309 Maria
1257 1278 1321 1309 erit
1344 1280 1448 1319 grata,
1499 1278 1504 1286 '

1013 1324 1059 1358 Et
1083 1334 1159 1357 vere
1184 1324 1308 1356 obtinet
1334 1328 1455 1366 optata.

1014 1392 1174 1431 Laudate,
1200 1393 1304 1432 pueri,
1332 1392 1498 1425 laudabile

1013 1439 1138 1472 Nomen
1162 1441 1248 1480 regis
1272 1440 1336 1473 Dei
1360 1438 1457 1473 fortis

1011 1487 1057 1521 Et
1081 1497 1195 1520 nomen
1220 1489 1319 1522 valde
1343 1489 1483 1521 amabile

1012 1535 1130 1568 Matris
1158 1536 1331 1570 devictoris
1355 1538 1478 1571 mortis.

1010 1604 1050 1637 In
1077 1604 1164 1637 exitu
1193 1605 1305 1645 populi
1329 1603 1438 1636 fidelis

1011 1650 1062 1684 De
1086 1655 1175 1684 terra
1201 1652 1380 1686 Pharaonis
1409 1653 1552 1686 crudelis

1012 1700 1050 1733 In
1076 1700 1198 1733 Iudaea
1221 1701 1351 1734 laudem
1376 1702 1514 1744 peregit,

1011 1747 1066 1781 Ex
1092 1757 1154 1789 qua
1169 1748 1257 1782 Deus
1284 1752 1419 1782 matrem
1444 1751 1551 1791 elegit.

1014 1814 1123 1847 Dilexi
1149 1823 1223 1847 vere
1247 1816 1398 1859 Mariam,

1012 1863 1168 1903 Quoniam
1193 1873 1245 1895 me
1270 1866 1446 1906 exaudivit,

1013 1911 1058 1944 Et
1082 1912 1191 1944 inveni
1217 1921 1287 1944 eam
1312 1912 1412 1954 piam,

1013 1958 1098 1992 Dum
1124 1969 1210 1992 meas
1236 1969 1349 2001 preces
1375 1963 1510 1997 audivit.

1015 2035 1149 2069 Credidi
1173 2037 1301 2071 Mariae
1324 2038 1475 2072 adflictus

1015 2084 1146 2118 Sincero
1173 2087 1271 2119 corde
1296 2096 1359 2120 non
1385 2087 1491 2129 fictus,

1014 2133 1076 2166 Pro
1103 2143 1139 2166 eo
1165 2143 1230 2167 non
1255 2145 1326 2168 sum
1353 2136 1497 2170 devictus

1012 2181 1192 2215 Multorum
1216 2185 1379 2217 sustinens
1403 2186 1499 2219 ictus.

1014 2258 1161 2293 Laudate
1178 2261 1327 2306 Mariam,
1346 2271 1456 2297 omnes
1474 2273 1553 2305 gen-

1320 2313 1352 2342 te

1016 2355 1104 2395 Quae
1121 2358 1273 2390 virtutem
1294 2321 1558 2403 datsv’iventibus‚

1013 2404 1053 2438 In
1078 2405 1140 2438 hoc
1164 2408 1283 2440 mundo
1313 2407 1460 2441 dolentes

1014 2453 1166 2488 Associat
1191 2457 1416 2496 gaudentibus,
