1655 2726
798 145 1058 181 -180—

270 249 349 281 923.
364 247 449 279 Filio
476 248 549 280 Iesu
575 254 748 286 suggerens
961 244 1040 277 924.
1056 240 1135 274 Acie
1159 246 1295 278 nequam
1320 234 1460 267 hostium

368 295 456 328 Dare
479 303 592 335 paoem
620 294 784 334 ecelesiae,
1056 286 1261 323 Circumdato
1288 282 1379 316 cordi
1404 290 1475 314 meo

371 343 461 383 Quod
489 346 519 375 et
545 341 623 374 fecit
646 351 720 374 mox
745 344 886 374 atterens
1057 339 1119 371 Per
1143 335 1329 376 precantem
1353 329 1507 363 Basilium

370 392 560 432 Apostatam
586 391 620 423 in
644 390 723 423 acie.
1057 383 1234 419 Subvenias
1260 389 1367 414 eoram
1391 378 1472 411 Deo.

569 478 649 511 925.
665 476 735 509 Deo
760 476 834 508 Iesu
858 484 919 515 me,
945 473 1061 514 Maria,

666 524 911 563 Commendans‚
939 522 990 554 eui
1008 531 1062 553 eor
1079 520 1167 560 pium
1184 520 1243 558 est,

665 572 823 605 Memoria
848 572 936 603 cuius
961 571 1017 612 pia

664 621 806 654 Mentem
831 619 920 652 refici
945 619 1062 652 bonum
1089 619 1147 649 est.

884 745 972 779 XCI.

279 837 357 870 926.
373 835 494 868 Bonum
523 837 572 867 est
597 837 628 866 et
654 833 799 866 confiteri
964 833 1043 865 928.
1060 830 1136 863 Cari
1160 831 1244 870 sunt,
1272 827 1326 867 qui
1348 828 1381 857 te
1407 824 1555 866 diligunt,

373 883 458 923 Tibi,
481 886 595 926 mater,
622 885 651 914 et
677 882 827 923 psallere,
1060 879 1084 911 O
1110 877 1227 916 Maria,
1255 875 1323 907 Deo
1351 882 1472 905 summo

373 931 498 963 Nomen
522 934 611 963 tuum
635 930 778 962 revereri
1060 926 1184 959 Uberes
1211 923 1335 955 fruetus
1362 921 1518 961 colligunt

374 980 473 1012 Mane
497 988 623 1019 semper
650 981 682 1010 et
706 986 849 1018 vespere.
1059 974 1098 1006 In
1123 972 1230 1005 futuro
1255 972 1325 1003 sine
1348 978 1486 1003 nummo.

282 1067 363 1101 927.
377 1066 520 1105 Vespere
545 1069 577 1097 et
601 1065 680 1097 hora
705 1066 820 1096 cuncta
968 1063 1048 1096 929.
1063 1061 1139 1093 Sine
1163 1067 1290 1092 nummo
1316 1057 1474 1098 pecuniae

377 1113 484 1146 Debet,
506 1114 552 1145 tui
576 1112 747 1144 memorari
1062 1108 1135 1141 Non
1159 1108 1295 1140 habetur
1319 1106 1373 1138 hie
1398 1105 1513 1147 gratia,

378 1161 592 1194 Sacramemis
617 1160 709 1200 plebs
734 1160 867 1191 inuncta
1064 1157 1128 1189 Sed
1156 1157 1273 1188 dantur
1298 1155 1372 1188 Iesu
1398 1153 1522 1194 gratiae

379 1209 509 1251 Christi,
536 1209 604 1241 nati
628 1209 675 1240 tui
701 1208 777 1241 cari.
1064 1205 1127 1237 Per
1152 1207 1184 1236 te
1208 1203 1307 1245 gratis
1333 1205 1365 1235 et
1388 1202 1500 1242 gloria.

628 1296 708 1328 930.
723 1293 834 1327 Gloria
857 1292 1028 1325 ineffabilis

722 1341 807 1382 Tibi,
832 1341 949 1379 Maria,
977 1340 1103 1382 iugiter,

725 1390 795 1429 Qua
819 1398 896 1430 gens
921 1388 1162 1421 innumerabilis

725 1437 889 1470 Gloriatur
913 1436 1063 1470 feliciter.

887 1541 993 1576 XCII.

290 1622 370 1656 931.
383 1621 539 1654 Dominus
565 1630 701 1662 regnans
728 1620 878 1652 decenter
974 1620 1053 1652 934.
1067 1618 1227 1651 Monacho
1255 1618 1462 1652 Cisterciensi

384 1669 488 1709 Super
513 1678 621 1701 omnes
647 1677 738 1708 reges
764 1671 869 1699 terrae
1067 1667 1249 1707 ApparenS‚
1274 1676 1347 1707 spes
1365 1667 1467 1699 omnis
1484 1672 1603 1709 terrae,

384 1718 519 1749 Veniam
544 1717 623 1749 velit
648 1717 820 1748 clementer
1068 1715 1147 1746 Vice
1171 1715 1220 1748 rei
1244 1724 1349 1755 poena
1372 1715 1468 1756 tensi,

386 1767 449 1799 Per
474 1769 507 1797 te
531 1765 609 1797 mihi
634 1773 708 1796 mox
734 1762 890 1795 conferre.
1068 1763 1155 1795 Velis
1180 1763 1327 1795 levamen
1353 1762 1511 1798 conferre.

289 1855 370 1887 932.
385 1851 540 1887 Conferre
565 1851 683 1891 Simon,
708 1851 825 1893 Maria,
976 1851 1055 1884 935.
1072 1848 1291 1891 Conferreque
1317 1859 1388 1882 eum
1412 1850 1479 1884 filio

383 1901 430 1933 Te
454 1901 560 1933 Iesum
586 1907 679 1931 eruce
704 1899 838 1939 signatis
1069 1898 1231 1940 Digneris,
1257 1899 1348 1940 virgo
1374 1899 1532 1941 sublimis,

385 1949 476 1981 Vidit
499 1948 622 1980 visione
646 1947 702 1988 pia
1071 1946 1180 1979 Verba
1204 1948 1294 1987 pacis
1319 1957 1379 1988 pro
1404 1949 1515 1989 impio⁷

383 1998 423 2030 In
447 2005 593 2029 sermone
613 1995 769 2028 veritatis
1070 1995 1130 2035 Qui
1155 1995 1289 2029 offendit
1313 2005 1385 2029 eum
1409 1997 1515 2031 nimis.

291 2086 370 2119 933.
385 2084 538 2117 Veritatis
564 2083 769 2125 praedicator
979 2084 1057 2118 936.
1072 2083 1177 2115 Nimis
1203 2084 1287 2116 enim
1313 2085 1402 2125 apud
1425 2086 1530 2118 Deum

386 2132 520 2165 Iacobus
547 2132 587 2164 de
613 2131 755 2162 Vitriaco
1070 2132 1127 2175 Es,
1153 2132 1270 2175 Maria,
1296 2134 1462 2167 credibilis

387 2181 520 2223 Narrat,
547 2179 650 2212 erucis
673 2178 847 2218 nuntiator,
1072 2180 1118 2213 Et
1141 2190 1201 2221 per
1224 2184 1258 2214 te
1282 2181 1319 2214 fit
1345 2192 1424 2224 erga
1446 2192 1537 2216 reum

387 2230 498 2263 Visum
525 2236 678 2261 converso
703 2227 868 2259 monacho.
1072 2229 1160 2262 Deus
1184 2231 1319 2263 multum
1344 2232 1527 2272 placabilis.

638 2315 716 2348 937.
731 2313 860 2346 Habilis
885 2314 927 2348 ad
952 2315 1081 2348 laudem
1105 2317 1168 2350 Dei

732 2363 797 2395 Per
821 2365 854 2393 te
877 2361 934 2395 fiat
959 2372 1071 2397 sensus
1093 2375 1193 2408 meus,

732 2411 757 2444 O
783 2410 898 2450 Maria,
925 2415 1027 2445 mater
1051 2415 1130 2457 spei,

733 2460 797 2492 Per
822 2468 914 2499 quam
938 2462 1001 2494 reis
1027 2466 1139 2503 parcet
1164 2463 1263 2500 Deus.
