1655 2726
726 119 989 155 —267—

197 214 254 246 43.
270 213 444 248 Exaltatae
469 225 568 258 supra
593 218 699 251 caelos
890 221 947 253 47.
962 219 1024 252 Tot
1049 228 1088 252 ae
1112 221 1210 252 tantis
1235 220 1378 253 lacessiti

268 262 294 295 O
323 272 384 304 quo
409 265 524 305 plausu
551 266 645 299 dulce
667 268 769 299 melos
962 267 1034 300 Non
1060 269 1214 310 valemuS‚
1238 268 1312 309 heu,
1340 269 1435 301 reniti

319 311 408 345 Caeli
434 317 550 346 canunt
576 315 720 356 agmina!
1011 317 1103 349 Passi
1131 316 1245 349 damna
1273 316 1404 358 virium;

268 358 388 398 Quidni
414 362 513 403 eaelo,
540 365 639 404 terra,
665 363 747 396 mari
962 365 1048 396 Hine
1072 364 1197 405 sagittis
1222 367 1272 397 tot
1296 364 1438 408 ferimur,

228 447 231 450 Ι
271 407 368 449 Virgo
396 409 494 442 debet
518 410 675 443 celebrari
962 412 1048 445 Hinc
1072 413 1207 445 diversis
1231 412 1396 446 irretimur

315 456 540 498 Undequaque
567 458 718 492 domina?
1008 460 1147 501 Laqueis
1171 461 1365 493 venantium.

194 524 254 558 44.
270 522 369 565 Ergo,
398 526 488 565 virgo
512 527 560 558 sic
583 531 740 568 promota,
889 529 947 561 48.
961 526 1036 568 Sed,
1064 527 1179 566 Maria,
1206 530 1310 560 mater
1335 527 1407 570 Dei,

267 570 375 605 Causa
398 574 502 606 nostri
526 578 637 607 nostra
662 578 738 608 vota
962 575 1011 607 Tu
1035 579 1110 617 post
1134 578 1244 608 uatum
1268 575 1336 609 fida
1358 578 1427 617 spei

314 621 539 655 Promovenda
563 625 701 665 suscipe,
1010 624 1162 656 Anchora
1187 623 1341 664 fidelium,

267 668 389 708 Quodsi
415 679 487 702 reos
514 675 626 704 sancta
651 673 788 714 spernis,
962 672 1011 704 Tu
1037 672 1171 704 solatrix
1195 671 1395 712 miserorum,

266 717 311 750 Ut
338 718 416 759 quid
442 719 486 751 sis
512 720 659 759 praelata
684 721 784 754 ternis
961 720 1011 752 Tu
1035 723 1172 761 patrona
1197 724 1412 764 peccatorum,

317 766 529 808 Hierarchiis‚
557 769 692 809 respice.
1008 768 1135 801 Pressis
1161 767 1211 800 fer
1236 769 1401 803 auxilium.

194 834 303 866 45i1n
332 835 393 866 hac
418 835 503 868 valle
527 836 734 869 lacrimarum
889 838 947 869 49.
961 835 1169 869 Intendentes
1195 839 1269 868 tuae
1294 836 1384 868 laudi

267 882 358 915 Nihil
386 885 545 925 constans,
572 885 654 917 nihil
681 886 812 926 clarum,
961 883 1029 916 Nos
1055 884 1196 924 attende,
1223 892 1280 917 nos
1307 886 1434 928 exaudi,

313 930 470 971 Suspecta
495 935 570 965 sunt
595 933 720 975 omnia3
1008 932 1076 964 Nos
1102 942 1121 964 a
1142 935 1245 964 morte
1269 932 1384 972 libera,

266 978 350 1017 Quid
377 979 430 1011 hic
455 980 548 1013 nobis
575 982 636 1013 erit
661 984 775 1021 tutum,
959 980 1047 1019 Quae
1055 983 1128 1019 post
1139 979 1524 1021 Christumprimasedes‚

267 1026 346 1059 Cum
372 1036 433 1060 nec
456 1028 529 1068 ipsa
553 1029 607 1061 vel
632 1028 786 1062 virtutum
962 1029 1050 1061 Inter
1074 1029 1142 1060 nati
1168 1028 1341 1061 coheredes

313 1075 397 1108 Tuta
423 1076 467 1108 sit
492 1077 656 1109 victoria?
1009 1076 1150 1109 Clientes
1176 1077 1363 1109 adnumera.

190 1143 247 1176 46.
263 1142 349 1175 Caro
374 1144 477 1176 menti
502 1145 691 1184 reluctatur,
891 1145 946 1178 50.
960 1143 1064 1175 Natus
1088 1143 1176 1183 patri
1203 1146 1403 1176 cruentatum

262 1190 406 1224 Mundus
432 1192 522 1225 carni
547 1192 741 1236 suffragatur
962 1191 1026 1224 Cor
1052 1194 1084 1223 et
1109 1201 1225 1231 corpus
1249 1192 1462 1231 vulneratum,

309 1239 413 1272 Nobis
437 1241 472 1273 in
496 1241 685 1281 perniciem,
1007 1239 1071 1272 Sed
1096 1242 1132 1272 tu
1155 1243 1316 1273 monstras
1340 1240 1461 1280 ubera3

262 1286 363 1321 Satan
388 1288 488 1322 instat
512 1298 571 1322 nos
597 1289 766 1330 infestans,
958 1288 1003 1320 Et
1028 1288 1098 1329 quis
1123 1289 1227 1330 possit
1250 1297 1314 1320 non
1340 1288 1456 1329 audiri,

261 1335 357 1369 Nunc
381 1346 418 1369 se
440 1337 549 1379 palam
573 1336 798 1379 manifestans,
959 1336 1027 1369 Ubi
1054 1339 1180 1369 constat
1202 1338 1252 1369 tot
1274 1337 1359 1369 uniri

309 1384 405 1418 Nunc
429 1386 594 1420 occultans
620 1386 754 1420 rabiem.
1006 1385 1137 1417 Amoris
1161 1385 1318 1426 insignia}

609 1455 706 1488 Pater
730 1463 873 1488 summae
897 1453 1087 1494 maiestatis,

655 1503 738 1545 Iesu,
766 1512 824 1536 rex
850 1501 1049 1542 clementiae,

609 1551 759 1593 Spiritus,
785 1551 857 1584 fons
882 1550 1075 1592 sanctitatis,

657 1600 760 1633 Unius
787 1600 961 1641 potentiae,

611 1650 674 1682 Per
697 1651 748 1681 tot
773 1649 858 1682 dona
882 1648 1025 1689 pietatis,

654 1697 780 1731 Auctor
804 1696 1036 1738 indulgentiae,

610 1745 728 1779 Confer
752 1755 846 1787 opem
874 1744 1027 1778 desolatis

655 1794 700 1828 Et
723 1797 894 1835 augmenta
919 1793 1053 1835 gratiae.

265 1870 361 1899 Merlo
391 1871 546 1906 Horstius,
573 1870 736 1900 Paradisus
761 1871 889 1899 Animae
918 1870 1114 1903 Christianae,
1144 1867 1287 1896 Coloniae
1309 1866 1391 1900 1670,
1415 1878 1444 1905 p.
1467 1866 1523 1897 673

192 1918 260 1947 sqq.
279 1925 318 1930 -
339 1911 481 1939 Horstius
496 1911 628 1939 bekannt
642 1910 706 1939 sich
720 1910 814 1939 sclbst
827 1910 871 1938 als
885 1908 1040 1937 Verfasscr
1054 1907 1150 1936 dieses
1165 1907 1352 1936 Rosariums:
1378 1916 1522 1944 „sequens

192 1950 340 1977 rosarium
361 1947 532 1983 adornavi‚“
555 1950 575 1978 1.
597 1958 621 1977 c.
642 1959 669 1986 p,
692 1947 757 1977 636.
791 1949 910 1977 Damus
931 1948 1046 1985 ergiebt
1060 1946 1123 1975 sich
1138 1947 1216 1975 daun
1231 1946 1307 1974 auch
1320 1947 1403 1974 scine
1416 1947 1524 1974 Autor-

191 1988 290 2017 schaft
309 1988 357 2016 fiir
379 1989 430 2016 ΝΥ,
446 1987 472 2017 5,
513 1989 572 2017 Die
591 1989 760 2026 Doxologie
780 1996 829 2016 am
847 1987 989 2017 Schlusse
1010 1987 1061 2014 des
1083 1985 1203 2014 Ganzen
1224 1985 1313 2013 kehrt
1339 1985 1413 2013 nach
1437 1985 1522 2022 jeder

189 2027 319 2056 Dekade
350 2028 466 2056 wieder.
518 2028 580 2056 Auf
607 2028 656 2056 die
684 2027 871 2063 welfi‘iltigen
896 2026 1128 2061 Entlchnungen
1159 2032 1213 2052 aus
1241 2024 1353 2052 fflteren
1372 2025 1521 2059 Hymnen,

188 2067 372 2095 namentlich
393 2075 447 2095 aus
468 2066 562 2095 Adam
588 2076 648 2096 von
669 2067 711 2095 St.
725 2066 843 2100 Viktor,
865 2067 908 2094 sei
929 2064 1130 2094 aufmerksam
1149 2063 1293 2099 gemacht.
1328 2063 1448 2092 Ebenso
1472 2063 1527 2090 auf

187 2106 247 2134 den
267 2105 355 2135 Reim
373 2103 421 2142 42,
444 2105 460 2135 1
481 2114 526 2143 sq.
