1655 2726
693 127 956 162 —191-—

153 217 257 254 1118,
274 220 372 253 Vitiis
398 231 439 254 ne
466 222 561 255 nimis
587 233 713 266 graver,

274 269 329 301 Ad
348 271 392 310 te,
419 273 532 311 mater,
552 272 789 314 adpropinquo,

274 316 322 350 Ut
345 320 452 351 autem
476 319 660 354 immundus
686 321 788 360 laver,

275 365 338 408 Da,
364 366 482 408 Maria,
510 367 642 410 fontem,
665 369 699 401 in
717 378 789 409 quo.

425 464 519 497 Beth.

156 537 261 572 1119.
277 539 316 572 In
343 550 405 581 quo
432 542 564 584 corrigit
587 543 721 583 impiam

276 588 527 622 Adulescentior
553 591 662 623 viam?

274 635 339 668 Per
365 635 566 678 frequentem
591 640 779 672 memoriam

277 683 487 725 Exquirendo
512 690 545 719 te
570 687 719 721 Mariam.

852 224 943 259 1127
949 225 1077 258 ,Meum
1106 234 1170 265 cor,
1198 224 1315 266 Maria,
1342 226 1432 258 stetit

969 273 1087 306 Procul
1112 284 1133 307 a
1156 277 1213 307 tua
1237 275 1351 315 gratia,

969 321 1063 354 Nunc
1094 323 1185 354 iuxta
1209 326 1242 354 te
1268 322 1352 355 bona
1375 322 1478 363 metit,

968 370 1065 403 Unde
1091 371 1180 402 vivat
1203 371 1236 403 in
1261 371 1376 412 gloria.

850 455 954 491 1128.
969 456 1084 489 Gloria
1105 460 1161 489 tuo
1186 456 1266 499 filio,

971 505 1098 537 Veritas
1125 508 1157 537 et
1181 505 1345 546 iudicium,

968 552 1013 585 Et
1037 552 1100 585 tibi
1124 554 1194 585 laus
1221 562 1292 585 cum
1318 554 1444 596 gaudio,

971 601 1058 640 Quae
1084 602 1245 634 misereris
1271 602 1422 635 omnium.

1133 707 1194 740 He.

158 768 264 805 1120,
280 770 431 816 Mariam,
459 781 514 805 cor
531 782 646 817 meum,
674 782 792 814 quaere
850 782 954 817 1129,
969 784 1089 825 Legem
1111 784 1199 828 mihi,
1226 784 1309 826 1esu,
1336 794 1430 825 pone,

276 818 418 852 Dantem
432 829 544 854 sacrae
557 825 666 862 potum
678 831 788 863 aquae,

277 867 324 900 Ut
347 871 459 909 potum
487 870 592 902 carnis
618 879 731 903 severe

273 915 481 950 Decliuemus
507 926 744 959 usquequaque.

152 1001 258 1035 1121.
272 1002 388 1043 Aquae
412 1003 552 1036 salubris
573 1004 730 1045 liquorem

274 1050 336 1091 Da,
364 1050 481 1095 Maria,
506 1052 657 1084 continue

271 1098 322 1130 Ac
349 1098 439 1131 danti
465 1099 523 1131 tibi
550 1099 705 1132 honorem

270 1146 408 1180 Famam
432 1147 551 1180 bonam
577 1148 730 1184 retribue.

406 1234 523 1268 Gimel.

150 1303 254 1338 1122.
269 1302 428 1335 Retribue
453 1312 548 1336 servo
573 1306 628 1336 tuo

272 1352 433 1384 Virtutem
459 1351 546 1385 inter
569 1352 719 1396 populos,

269 1401 317 1434 Ut
340 1399 459 1441 figatur
483 1400 552 1433 Deo
579 1410 646 1442 suo,

267 1448 391 1483 Revela
415 1458 503 1481 meos
529 1450 650 1482 oculos

148 1537 254 1570 1123.
270 1536 398 1574 Oculos,
426 1538 541 1576 mater,
570 1539 760 1570 convertens

267 1585 322 1618 Ad
348 1593 457 1618 meum
482 1585 685 1625 soliloquium

268 1633 314 1668 Et
339 1643 359 1666 a
382 1633 480 1666 turba
505 1643 557 1666 me
583 1633 757 1675 divertens,

266 1681 373 1716 Aufer
399 1691 419 1714 a
443 1691 494 1714 me
519 1682 741 1724 opprobrium.

144 1769 250 1805 1124.
267 1768 487 1810 opprobrium
513 1769 697 1803 invidorum

265 1818 373 1850 Vitam
399 1828 505 1851 meam
531 1819 667 1851 multum
686 1819 784 1851 laesit

262 1867 323 1908 Eo,
341 1867 426 1908 quod
442 1870 516 1908 post
526 1876 616 1908 spem
626 1877 782 1900 vanorum

262 1915 328 1950 Cor
353 1925 460 1948 meum
485 1916 583 1949 nimis
609 1917 769 1949 adhaesit.

394 2003 524 2038 Daleth.

139 2074 242 2108 1125.
257 2073 422 2107 Adhaesit
448 2073 556 2106 anima
581 2082 654 2106 mea

259 2121 345 2164 Tibi,
374 2121 477 2164 virgo,
509 2130 591 2163 quae
614 2122 667 2154 lac
691 2119 775 2161 fluis,

261 2169 305 2204 Ut
332 2174 524 2203 exerceatur
550 2179 588 2203 ea

260 2220 301 2252 In
325 2217 531 2251 mirabilibus
556 2219 631 2251 tuiS.

136 2308 242 2342 1126.
257 2305 336 2339 Tuis
362 2307 487 2339 meritis
513 2315 611 2348 agere

258 2355 389 2388 Gratias
403 2358 574 2396 promptus
587 2365 648 2395 per
658 2354 775 2395 Deum,

256 2404 356 2445 Quem
382 2404 486 2437 merui
511 2404 668 2447 recipere,

262 2451 339 2486 Cum
368 2452 513 2486 dilatasti
538 2463 594 2486 cor
615 2461 731 2488 meum,

969 831 1012 865 Ut
1040 832 1182 873 deponat
1207 842 1281 865 caro
1308 842 1398 866 suam

967 879 1086 912 Matris
1111 881 1350 925 intercessione,

966 927 1010 959 Et
1036 928 1206 961 scrutabor
1230 929 1334 970 legem
1359 933 1456 965 tuam.

846 1022 951 1057 1130.
966 1023 1068 1056 Tuam
1095 1033 1153 1064 per
1176 1033 1320 1068 precem,
1347 1027 1467 1071 regina,

966 1072 1019 1104 Ad
1045 1074 1247 1114 paupertatis
1272 1073 1408 1114 gloriam

966 1119 1028 1152 Gor
1052 1129 1157 1152 meum
1183 1130 1311 1161 semper
1334 1121 1455 1156 inclina

963 1166 1008 1200 Et
1032 1176 1095 1200 non
1120 1170 1154 1201 in
1178 1169 1359 1203 avaritiam.

845 1264 949 1298 1131.
964 1264 1145 1298 Avaritiam
1171 1275 1326 1306 spernere

963 1313 1032 1345 Fac
1059 1322 1120 1357 me,
1148 1314 1238 1356 virgo
1265 1315 1460 1357 christifera,

962 1361 1007 1394 Et
1032 1370 1160 1403 semper
1185 1364 1413 1404 concupiscere

962 1411 1108 1443 Aeterna
1134 1410 1256 1444 Christi
1282 1421 1426 1448 munera.

845 1507 948 1541 1132.
964 1508 1103 1540 Munera
1128 1511 1193 1551 tua,
1221 1508 1337 1550 Maria,

964 1555 1067 1597 Saepe
1094 1557 1227 1597 capiunt
1253 1559 1354 1598 egeni,

963 1604 1082 1646 Surgas
1109 1614 1194 1646 ergo,
1222 1608 1347 1650 potens,
1376 1607 1441 1649 pia,

964 1653 1042 1686 Cum
1068 1654 1255 1686 muneribus
1282 1658 1315 1686 et
1339 1656 1422 1688 veni.

1119 1761 1200 1794 Vau.

843 1838 947 1872 1133.
961 1837 1007 1870 Et
1028 1838 1138 1870 venias
1165 1839 1302 1871 adorare

962 1886 1121 1919 Castitate
1144 1896 1259 1927 preces
1284 1896 1348 1932 eas,

962 1934 1084 1974 Quibus
1110 1935 1202 1975 coepi
1229 1939 1260 1968 te
1286 1936 1421 1969 laudare

959 1983 1004 2015 Et
1028 1984 1135 2016 levavi
1160 1993 1272 2017 manus
1298 1994 1396 2019 meas,

841 2072 944 2106 11:34.
959 2071 1053 2104 Meas
1078 2072 1157 2113 vias,
1186 2070 1249 2113 fac,
1277 2072 1408 2114 ambiat,

958 2120 1086 2154 Munda
1110 2122 1224 2164 mater,
1249 2121 1419 2165 munditia,

959 2169 1004 2202 Et
1028 2170 1200 2202 mundatas
1226 2171 1389 2203 custodiat

959 2217 1030 2250 Tua
1055 2217 1289 2251 misericordia.

838 2306 942 2340 1135.
957 2305 1188 2339 Misericordia
1212 2308 1268 2339 tua

957 2355 1091 2389 Tectum
1105 2354 1221 2395 linquit
1231 2355 1463 2391 malustremor

955 2403 1074 2443 Maria,
1102 2412 1185 2444 quae
1208 2406 1285 2437 vota
1310 2415 1370 2438 sua

956 2452 1031 2485 Tibi
1057 2452 1211 2486 solventis
1238 2452 1282 2486 sis
1309 2464 1440 2491 memor.

1465 2384 1472 2401 2
