1655 2726
735 258 792 292 IV.

125 341 157 373 1.
172 340 305 384 mange,
333 342 439 385 fugam
467 348 582 384 petunt
605 348 692 377 metu
816 347 847 380 6.
863 346 991 390 mange,
1013 347 1118 378 Iesum
1136 347 1252 386 palmis
1268 345 1420 387 caedunt,

173 389 248 422 Cari
274 389 358 433 Iesu,
384 401 477 432 quem
501 394 536 425 in
562 399 654 426 coetu
864 393 996 426 Vultum
1015 400 1143 435 spuunt,
1171 394 1265 427 vilem
1283 394 1423 427 reddunt

220 438 457 480 Derelinquunt
477 441 590 481 impio.
909 442 1015 476 Multo
1040 441 1211 483 vituperio.

124 515 294 558 2.Plange
318 517 425 550 Iesum
450 519 514 551 reis
541 519 660 561 datum,
820 520 851 552 7.
866 519 996 561 Plange‚
1028 520 1101 552 Iesu
1125 518 1261 551 barbam
1289 519 1421 560 vellunt,

173 566 270 597 Anna
295 574 401 598 coram
430 567 501 599 dire
524 570 663 600 tractum
866 567 958 601 Collo
985 567 1120 600 laedunt
1143 576 1183 599 ac
1205 568 1376 608 impellunt

220 612 297 646 Sine
322 615 514 655 patrocinio.
914 615 994 648 Cum
1020 615 1159 656 maligno
1184 615 1304 650 studio.

126 692 158 723 3.
175 690 304 734 mange,
330 695 444 733 mater,
472 693 670 726 maxillatam
818 693 850 726 8.
866 693 996 733 mange,
1024 694 1134 726 velant
1157 692 1231 724 Iesu
1255 693 1396 725 vultum:

172 738 289 771 Coram
314 743 411 773 Anna
437 740 507 773 dire
533 741 642 773 datam
863 741 1070 782 Prophetiza,
1097 741 1236 774 clamant
1257 742 1403 782 multum,

221 787 305 830 lesu,
332 797 414 830 puro
438 788 516 822 lilio.
910 789 987 830 Quis
1012 792 1045 821 te
1069 789 1164 821 laesit
1188 788 1294 821 serio?

122 866 157 897 4.
172 865 305 907 plange,
331 866 438 899 Iesum
466 865 632 906 pharisaei
818 867 850 900 9.
863 866 996 907 Plange,
1022 867 1070 898 rei
1095 875 1154 906 per
1180 866 1316 907 capillos

173 912 255 945 Dire
279 913 414 946 trahunt
437 922 476 946 ac
499 914 613 947 Iudaei
863 915 970 947 Iesum
996 914 1128 947 trahunt
1154 918 1185 946 et
1211 915 1258 946 sic
1282 914 1356 947 illos

220 960 363 1001 Caiphae
387 965 451 994 tam
477 962 584 996 noxio.
913 962 1047 995 Vellunt
1072 971 1140 994 cum
1167 962 1353 1003 opprobrio.

122 1040 153 1072 5.
170 1038 300 1081 Plange‚
340 1039 480 1071 clamant
505 1039 618 1071 mortis
644 1047 733 1072 reum
796 1040 850 1073 10.
866 1039 996 1082 plange,
1025 1040 1139 1071 Petrus
1167 1039 1339 1081 denegavit

171 1086 275 1118 Tuum
299 1089 420 1125 natum,
456 1096 565 1119 verum
592 1087 708 1130 Deum,
865 1087 969 1119 Nosse
993 1088 1098 1119 Iesum
1125 1089 1158 1119 et
1181 1086 1321 1120 firmavit

220 1134 364 1176 Caiphae
388 1134 539 1170 triclinio.
934 1135 1030 1168 Istud
1055 1138 1105 1168 ter
1130 1135 1282 1176 periurio.

450 1212 579 1247 11.Pia
603 1214 716 1254 mater,
744 1213 848 1245 Iesum
877 1222 944 1253 ora,

517 1260 621 1293 Nobis
648 1261 743 1293 detur
766 1261 879 1293 mortis
905 1260 986 1293 hora

567 1310 690 1343 Summi
713 1310 818 1349 patris
842 1309 936 1342 visio.

743 1416 782 1449 V.

125 1495 156 1527 1.
171 1494 296 1534 Plange
320 1494 425 1527 Iesum
451 1496 517 1526 tam
544 1502 654 1525 amare
819 1495 852 1526 ⁶3.
867 1493 1000 1534 Plange,
1027 1492 1118 1525 Iesus
1144 1492 1299 1524 moriatur

170 1542 225 1575 Ad
250 1542 392 1575 Pilatum
418 1551 595 1582 properare
868 1541 931 1573 Pro
957 1542 1093 1584 latrone,
1121 1541 1339 1573 conclamatur

221 1590 364 1631 Caiphae
389 1590 519 1632 palatio.
915 1589 1100 1630 Principum
1126 1589 1272 1629 imperio.

127 1670 159 1702 2.
174 1669 309 1710 Pkmge,
334 1669 423 1700 Iesus
450 1667 638 1700 criminatur
819 1669 850 1701 7.
865 1668 988 1708 Plange
1013 1669 1120 1700 Iesum
1145 1667 1325 1707 adligatum

171 1717 217 1749 Et
241 1726 261 1749 a
285 1716 401 1749 scribis
426 1717 592 1750 incusatur
864 1716 919 1749 Ad
946 1716 1135 1756 columnam,
1163 1714 1360 1757 flagellatum

221 1765 321 1798 Vario
346 1765 524 1798 mendacio.
915 1764 1078 1797 Praesidis
1104 1764 1279 1805 praetorio.

126 1846 158 1880 3.
175 1844 307 1885 Plange,
334 1847 448 1886 mater,
473 1846 563 1876 tuum
588 1847 697 1877 natum
818 1844 850 1876 8.
866 1842 998 1883 Plange,
1024 1841 1115 1874 Iesus
1143 1844 1315 1874 coronatur

169 1892 224 1927 Ad
253 1892 416 1926 Herodem
443 1893 671 1926 demandatum
866 1890 983 1934 Spinis,
1012 1893 1102 1923 veste
1126 1893 1326 1931 purpuratur

218 1942 250 1975 A
277 1941 382 1975 Pilato
409 1941 536 1975 Pontio.
915 1938 1039 1972 Grandi
1067 1947 1137 1971 cum
1163 1938 1316 1971 ludibrio.

125 2021 158 2054 4.
174 2019 299 2060 Plange
324 2019 455 2052 stultum
484 2022 667 2060 reputatum
819 2018 996 2058 9.P1ange,
1024 2017 1154 2058 sanguis
1181 2017 1228 2048 tui
1252 2016 1321 2049 nati

179 2069 230 2101 Ab
258 2068 390 2101 Herode
414 2071 501 2101 tuum
529 2073 638 2102 natum
865 2066 956 2099 Fluit
982 2074 1108 2107 quaque
1132 2063 1289 2106 flagellati

222 2117 369 2151 Stantem
395 2117 430 2150 in
456 2116 595 2150 silentio.
914 2115 953 2149 In
979 2114 1139 2156 praetoris
1164 2114 1257 2146 atrio.

126 2197 158 2229 5.
173 2195 298 2236 Plange
322 2195 429 2228 Iesum
454 2195 643 2236 patientem,
795 2193 851 2228 10.
869 2194 1000 2234 Plange,
1027 2193 1119 2226 Iesus
1146 2190 1310 2233 speciosus

172 2245 227 2278 Ad
252 2244 393 2279 Pilatum
417 2246 633 2277 revertentem
866 2241 963 2273 Nunc
988 2244 1038 2273 est
1062 2239 1167 2273 factus
1192 2244 1228 2272 ut
1244 2240 1392 2281 leprosus

221 2293 309 2326 Albo
333 2295 453 2325 tectum
478 2292 590 2334 pallio.
917 2289 960 2323 Et
983 2289 1090 2332 plebis
1116 2289 1265 2321 abiectio.

448 2370 581 2405 11.Pia
606 2373 719 2412 mater,
744 2371 781 2401 ut
805 2371 971 2410 serpentes

517 2419 623 2453 Simus
647 2427 776 2459 semper
798 2427 858 2450 nos
874 2418 1052 2458 prudentes

567 2468 643 2501 Zelo
669 2467 732 2500 Dei
756 2466 900 2508 praevio.

1200 2520 1258 2551 17*
