1655 2726
220 251 274 285 17.

218 366 272 401 18.

216 482 271 515 19.

217 712 272 745 21.

216 828 271 859 22.

216 942 271 974 23.

217 1058 273 1089 24.

216 1174 272 1206 25.

216 1402 271 1434 27.

216 1516 271 1549 28.

214 1633 269 1665 29.

214 1749 269 1781 30.

214 1864 269 1897 31.

214 1981 269 2013 32.

214 2097 269 2129 33.

264 622 271 630 .
297 597 377 636 Ave,
405 595 444 627 ab
472 596 635 628 Abraham
664 596 750 636 data,

265 1313 272 1319 .
300 1288 379 1326 Ave,
407 1295 488 1326 quae
512 1287 545 1318 in
570 1286 706 1318 Daniele

732 149 995 187 —102—

300 250 381 291 Ave,
409 250 602 290 patriarchis
629 250 749 282 cunctis

299 298 409 339 Longe
435 307 467 331 es
493 300 720 339 praestantior.

304 367 381 405 Ave,
408 366 575 406 prophetis
602 364 761 398 defunctis

299 415 337 447 In
365 413 456 446 donis
482 414 707 448 abundantior.

297 481 378 520 Ave,
405 479 512 513 David
538 481 640 521 stirpe
663 483 749 521 nata,

297 529 434 561 Florcns
461 530 548 561 velut
572 538 646 561 rosa
671 538 817 561 vernanS.

296 644 515 676 Aeternaliter
540 644 731 685 gubernans,

299 712 381 750 Ave,
408 719 563 753 generosa
587 711 695 751 proles

299 761 328 792 A
355 759 525 793 Salomone
549 760 646 793 edita.

299 827 379 866 Ave,
407 835 488 867 quae
511 825 628 858 florere
652 826 736 858 soles

298 874 418 914 Sophia
443 875 544 914 patris
568 874 727 915 praedita.

298 941 379 981 Ave,
406 943 441 972 tu
467 942 506 973 ab
530 942 616 974 Isaia

299 988 495 1021 Luculenter
520 989 712 1030 praesagita.

300 1058 379 1100 Ave,
408 1065 489 1096 quae
514 1057 553 1089 ab
579 1056 745 1089 harmonia

299 1104 457 1137 Davidica
483 1114 516 1136 es
541 1104 710 1145 praescita.

300 1174 379 1212 Ave,
407 1171 446 1203 ab
472 1171 642 1204 Ezechiele

299 1219 396 1251 Porta
421 1220 531 1252 clausa
555 1218 765 1260 praedicaris.

299 1335 361 1367 Per
387 1333 563 1366 Susannam
589 1333 749 1375 figuratis,

297 1401 377 1443 Ave,
404 1410 485 1441 quae
509 1410 528 1433 a
552 1400 688 1433 Ieremia

300 1448 452 1480 Desolata
473 1449 666 1489 lugubraris.

297 1516 377 1555 Ave,
403 1516 521 1555 iugiter
544 1516 578 1547 in
603 1516 656 1547 via

299 1563 484 1604 Spiritalem
509 1564 631 1604 prolem
658 1563 757 1603 paris,

296 1632 377 1670 Ave,
405 1630 551 1663 columna
575 1631 686 1672 ignita,

295 1678 421 1711 Decora
446 1688 522 1711 arca
547 1678 697 1711 foederis.

298 1748 377 1786 Ave,
405 1747 552 1787 quoniam
579 1749 653 1778 sunt
677 1746 738 1777 sita

297 1795 333 1827 In
359 1797 391 1826 te
416 1794 528 1827 abdita
552 1794 702 1826 aetheris.

297 1863 378 1903 Ave,
404 1862 559 1904 limpidus
585 1861 765 1902 crystallus,

299 1911 501 1944 Carbunculo
528 1910 738 1950 splendidior.

295 1979 375 2022 Ave,
402 1978 500 2011 rubra
525 1981 561 2010 ut
587 1978 733 2021 corallus,

295 2027 475 2068 Margarita
500 2026 678 2059 candidior.

296 2096 376 2134 Ave,
405 2095 490 2127 velut
520 2096 768 2134 chrysoprassus

298 2143 440 2176 Pulchra
466 2144 581 2175 decore
606 2143 741 2176 interno,

903 250 958 284 34.

901 366 956 399 235.

902 481 957 515 36.

902 597 957 630 37.

902 711 957 744 38.

902 828 957 860 39.

901 943 956 975 40.

900 1057 956 1089 41.

902 1172 958 1204 42.

901 1287 956 1319 43.

901 1402 956 1434 44.

900 1518 956 1549 45.

900 1632 956 1665 46.

900 1748 956 1780 47.

899 1863 955 1896 48.

900 1979 955 2011 49.

903 2093 958 2126 50.

984 249 1066 289 Ave,
1093 247 1155 292 fac,
1180 253 1217 282 ut
1240 249 1333 281 homo
1360 248 1463 279 lassus

985 296 1102 337 Sarga-t
1126 298 1243 330 ardore
1268 304 1417 339 superno.

984 365 1064 404 Ave,
1091 367 1195 397 mater
1219 364 1370 406 gracilior

985 412 1128 444 Rubenti
1154 413 1342 453 amethysto.

984 481 1064 523 Ave,
1092 484 1123 513 et
1149 481 1317 513 amabilior

985 528 1116 562 Cunctis
1141 530 1270 569 speculo
1295 529 1328 560 in
1348 529 1420 561 isto.

983 597 1063 637 Ave,
1091 597 1252 636 specimen
1278 596 1422 637 pudoris,

985 644 1009 677 Ο
1035 644 1137 676 lilium
1164 645 1366 677 convallium.

984 711 1065 753 Ave,
1093 712 1220 744 caelicis
1245 712 1279 743 in
1305 712 1369 743 oris

984 759 1143 792 Residens
1170 760 1203 791 in
1229 762 1430 801 perpetuum.

986 829 1066 869 Ave,
1094 836 1112 858 o
1137 827 1262 867 virgula
1287 825 1377 866 fumi,

984 875 1138 907 Aromate
1163 875 1335 914 acceptior.

982 942 1063 985 Ave,
1090 950 1208 981 sponsa
1231 942 1316 982 regis
1342 942 1466 980 summi,

984 990 1098 1021 Murra
1121 990 1227 1031 prima
1250 988 1436 1031 perfectior.

983 1057 1064 1094 Ave,
1093 1057 1187 1089 dulce
1212 1057 1444 1089 cinnamomum

983 1104 1253 1145 Flagrantiorque
1278 1105 1432 1138 balsamo.

985 1172 1066 1213 Ave,
1093 1171 1245 1203 caelicum
1270 1181 1351 1212 quae
1377 1172 1504 1204 domum

984 1218 1115 1251 Sollerti
1141 1220 1299 1251 construis
1325 1220 1444 1260 palmo.

982 1286 1063 1324 Ave,
1090 1287 1192 1318 vellus
1220 1286 1392 1328 Gedeonis,

983 1334 1075 1365 Liliis
1101 1335 1308 1369 redolentior.

984 1402 1066 1441 Ave,
1093 1402 1260 1441 spiritibus
1286 1402 1379 1434 bonis

985 1448 1126 1481 Caritate
1150 1448 1336 1484 ferventior.

983 1516 1064 1556 Ave,
1094 1517 1190 1549 cedro
1216 1517 1384 1550 sublimior

983 1565 1215 1606 Proceriorque
1241 1574 1404 1606 cupresso.

982 1632 1063 1673 Ave,
1088 1633 1216 1672 palmae
1242 1634 1385 1676 eximior,

982 1679 1122 1712 Subveni
1147 1684 1253 1713 mente
1280 1682 1445 1722 depresso.

982 1747 1063 1787 Ave,
1089 1748 1221 1787 platano
1247 1749 1372 1789 similis,

981 1795 1136 1828 Fecunda
1162 1797 1250 1829 velut
1275 1797 1373 1830 oliva.

982 1863 1063 1903 Ave,
1090 1864 1209 1896 collata
1232 1864 1373 1896 hinnulis

981 1911 1155 1943 Extricans
1181 1913 1280 1944 corda
1307 1913 1444 1953 captiva.

983 1979 1064 2022 Ave,
1092 1978 1202 2011 hortus
1227 1980 1416 2020 voluptatis,

982 2024 1069 2058 Fons
1095 2027 1238 2067 signatus
1263 2028 1429 2063 divinitus.

986 2093 1068 2134 Ave,
1097 2094 1176 2126 dans
1205 2095 1337 2127 haurire
1362 2098 1463 2137 gratis

982 2141 1033 2173 De
1058 2143 1148 2183 aquis
1176 2143 1259 2175 datis
1287 2145 1435 2178 caelitus.

609 2230 765 2262 Tertia
790 2229 1111 2269 Quinquagena.

265 2326 272 2333 .
300 2300 382 2337 Ave,
409 2300 505 2332 stella
528 2297 635 2339 magni
660 2297 769 2337 maris,
930 2297 961 2329 3,

297 2346 530 2388 Naufragantis
555 2346 661 2388 plebis
686 2347 810 2385 portus.

298 2416 379 2456 Ave,
406 2416 476 2448 iure
502 2414 696 2455 nuncuparis

297 2464 465 2497 Humanae
490 2464 602 2496 salutis
628 2466 727 2495 ortus.

987 2296 1070 2336 Ave,
1097 2298 1233 2337 pulchra
1259 2300 1348 2332 velut
1373 2300 1459 2339 luna,

986 2345 1096 2377 Astris
1122 2355 1155 2377 es
1181 2348 1378 2382 rutilantior.

929 2414 961 2445 4.
987 2414 1068 2455 Ave,
1094 2413 1127 2445 in
1153 2423 1216 2455 qua
1239 2424 1329 2448 mens
1355 2417 1496 2449 humana

990 2461 1118 2494 Affeclu
1145 2467 1192 2495 est
1217 2462 1416 2505 flagrantior.
