1655 2726
772 128 1036 162 —192—

498 228 587 261 Zain.

233 295 335 329 1136.
351 294 476 327 Memor
499 293 572 326 fiam
599 293 712 326 summi
740 292 838 334 verbi,

350 342 442 381 Quod
466 343 589 374 intacta
613 340 780 381 peperisti.

351 391 417 429 Quo
444 392 633 422 corruerunt
658 388 799 429 superbi,

348 439 385 470 In
412 446 472 477 quo
497 438 575 469 mihi
600 447 690 477 spem
717 436 846 469 dedisti.

230 524 333 557 1137.
348 523 478 555 Dedisti
503 524 650 564 gentibus
676 531 789 563 pacem

347 571 451 603 Litem
477 574 625 604 movente
649 571 780 613 Iudaea,

346 619 437 652 Dans
462 619 549 660 fidei,
578 620 678 660 virgo,
705 618 809 651 facem

348 667 386 700 In
412 667 593 700 humilitate
618 676 699 700 mea.

228 754 332 788 1138.
347 754 424 786 Mea
449 754 647 794 consumpsit
669 754 787 787 merita

346 802 442 834 Meae
466 803 581 834 mentis
606 802 711 845 elatio,

348 850 413 883 Sed
438 850 603 883 humilitas
627 850 750 891 placita

344 898 397 930 Ex
422 901 499 931 tunc
523 908 595 931 mea
619 899 663 931 sit
687 899 803 939 portio.

490 995 588 1029 Heth.

229 1062 331 1096 1139.
347 1062 457 1095 Portio
482 1072 564 1105 mea,
590 1062 708 1104 Maria,

346 1110 486 1143 Verbum
496 1120 605 1143 veram
615 1111 694 1143 dans
704 1112 856 1151 requiem,

348 1158 396 1191 Ob
424 1160 509 1198 quod
534 1163 621 1191 tuam
646 1168 743 1199 prece
768 1159 823 1199 pia

347 1206 550 1247 Deprecatus
576 1217 644 1239 sum
671 1206 795 1240 faciem.

230 1292 481 1326 114O.Facie1n
506 1296 613 1325 terrac
637 1294 777 1334 pessima

348 1341 483 1380 Operuit
508 1340 578 1373 fera
603 1350 729 1383 guerra,

346 1388 441 1420 Nunc
465 1398 524 1429 per
548 1392 581 1421 te
606 1398 687 1429 pace
711 1389 848 1421 maxima

346 1437 439 1468 Pleni
465 1440 540 1469 sunt
565 1438 645 1469 caeli
669 1441 700 1469 et
723 1440 822 1470 terra.

230 1523 334 1556 1141.
348 1523 451 1554 Terra
475 1524 595 1565 gaudet
618 1523 762 1556 fidelium

348 1571 412 1603 Per
437 1574 524 1604 tuam
548 1571 788 1614 fecunditatem,

348 1619 456 1650 Vitale
481 1619 545 1652 fert
571 1620 748 1652 remedium

343 1667 388 1699 Et
413 1667 567 1700 virtutum
592 1668 775 1701 bonitatem.

491 1765 585 1797 Teth.

225 1831 328 1865 1142.
344 1831 526 1864 Bonitatem
553 1836 585 1864 et
608 1832 743 1873 gloriam

345 1879 495 1913 Gondunt
519 1880 596 1913 boni
621 1881 693 1912 sinu
718 1889 775 1912 suo

345 1928 408 1960 Per
424 1931 466 1972 te,
492 1929 592 1973 virgo,
613 1938 694 1970 quae
706 1929 854 1970 gratiam,

343 1975 465 2009 Fecisti
492 1986 563 2009 cum
588 1986 681 2009 servo
706 1980 771 2010 tuo.

226 2063 330 2096 1143.
345 2062 414 2095 Tuo
438 2072 541 2096 meum
564 2064 683 2096 auxilio

346 2111 409 2144 Gor
436 2112 597 2144 desideria
622 2121 680 2144 sua

346 2159 444 2200 Figat
467 2161 500 2192 in
525 2160 589 2193 Dei
613 2159 680 2192 filio

343 2207 390 2239 Et
414 2208 447 2239 in
472 2209 616 2241 bonitate
647 2211 712 2241 tua.

229 2294 332 2328 1144.
348 2294 427 2335 Tua,
454 2295 570 2340 Maria,
595 2296 699 2337 gratia

346 2341 484 2377 Efficiar
508 2344 579 2386 ipse
604 2354 711 2385 sanus,

346 2391 427 2430 Quia
451 2395 606 2425 sanantur
630 2393 746 2431 omnia,

347 2439 497 2480 Quaeque
520 2442 622 2482 tangit
649 2444 704 2474 tua
729 2450 852 2477 manus,

1196 226 1265 260 iod.

919 292 1021 325 1145.
1036 292 1154 324 Manus
1181 297 1253 326 tuae
1279 292 1461 332 largitatem

1037 339 1238 379 Pauperibus
1266 341 1356 373 dives
1380 338 1456 380 flue,

1035 387 1117 427 Quia
1138 388 1172 420 in
1197 398 1322 421 omnem
1347 389 1487 419 aetatem

1036 435 1264 468 Miserationes
1289 439 1373 469 tuae.

918 522 1022 554 1146.
1037 521 1126 553 Tuae
1151 522 1395 554 misericordiae

1037 570 1104 602 Des
1118 570 1284 611 optimum,
1305 571 1406 611 virgo,
1428 571 1550 610 datum,

1037 619 1104 657 Quo
1130 617 1204 651 Iesu
1229 618 1287 651 fiat
1311 619 1409 652 hodie

1040 665 1104 699 Gor
1129 676 1233 699 meum
1260 667 1513 700 immaculatum.

918 753 1023 786 1147.
1036 753 1281 786 Immaculatum
1309 753 1431 787 faciens

1037 801 1092 833 Me
1117 810 1246 842 semper
1271 802 1311 835 ab
1337 803 1471 845 invidia,

1037 849 1154 892 Maria,
1180 851 1259 883 satis
1284 851 1437 894 largiens,

1038 898 1136 931 Unde
1160 902 1306 931 sumatur
1330 900 1443 941 gloria.

918 995 1022 1029 1148.
1037 994 1150 1028 Gloria
1174 999 1229 1029 tuo
1255 996 1333 1037 filio,

1036 1043 1169 1077 Veritas
1195 1047 1227 1076 et
1250 1045 1415 1088 iudicium,

1037 1092 1083 1124 Et
1108 1091 1169 1124 tibi
1194 1093 1263 1125 laus
1290 1102 1358 1125 cum
1385 1094 1514 1134 gaudio,

1037 1140 1125 1178 Quae
1150 1141 1313 1173 misereris
1335 1142 1487 1176 omnium.

1183 1238 1285 1279 Caph.

918 1303 1021 1336 1149.
1036 1302 1167 1336 Defecit
1191 1306 1292 1337 omnis
1317 1305 1438 1338 amicus

1035 1351 1118 1383 Mihi
1139 1350 1225 1385 facto
1250 1354 1370 1386 mundo
1395 1355 1515 1395 gravis,

1035 1398 1100 1431 Sed
1117 1401 1285 1445 respirem,
1310 1402 1364 1442 qui
1380 1402 1548 1435 mendicus

1034 1447 1071 1479 In
1098 1449 1231 1481 verbum
1257 1452 1346 1482 tuum
1373 1452 1512 1491 speravi.

918 1534 1020 1567 1150.
1036 1534 1172 1574 Speravi
1198 1539 1231 1568 te
1255 1538 1453 1577 spiraculum

1033 1582 1169 1616 Mittere
1193 1585 1282 1627 mihi,
1310 1586 1430 1630 regina,

1033 1630 1145 1672 Facto,
1173 1642 1244 1665 cum
1269 1644 1341 1666 amo
1367 1636 1539 1674 saeculum,

1032 1678 1122 1711 Sicut
1144 1684 1218 1714 uter
1242 1682 1277 1714 in
1301 1684 1428 1723 pruina.

916 1765 1019 1799 1151.
1035 1766 1155 1800 Pruina
1181 1777 1256 1809 ergo
1280 1771 1420 1803 carnalis

1032 1814 1551 1859 Nonprematsensuminternum,

1035 1862 1105 1894 Nec
1130 1864 1261 1898 dilectio
1287 1868 1430 1910 moralis,
1543 1861 1548 1865 ’

1033 1910 1098 1943 Sed
1116 1921 1205 1946 amor
1219 1917 1309 1947 stans
1322 1916 1355 1947 in
1369 1921 1548 1951 aeternum.

1160 2001 1293 2037 Lamed.

918 2064 1019 2098 1152.
1035 2065 1075 2098 111
1099 2069 1265 2101 aeternum
1289 2073 1393 2103 mater
1417 2072 1482 2105 Dei

1035 2113 1183 2160 Manens,
1199 2116 1254 2149 fac
1265 2128 1317 2151 me
1330 2123 1458 2160 gratum
1475 2122 1549 2162 sibi,

1035 2162 1201 2206 Quoniam,
1226 2176 1309 2207 quae
1333 2172 1451 2209 parent
1477 2171 1516 2210 ei,

1038 2210 1151 2245 Omnia
1176 2215 1323 2248 serviunt
1346 2217 1418 2251 tibi.

918 2297 1021 2332 1153.
1038 2297 1114 2330 Tibi
1138 2302 1308 2334 servientis
1333 2304 1403 2337 vita

1035 2344 1217 2390 Participet
1242 2351 1377 2385 dextrae
1401 2353 1495 2389 bonis

1034 2395 1073 2427 In
1097 2395 1147 2428 ira
1171 2407 1231 2438 per
1253 2402 1286 2432 te
1309 2402 1436 2435 munita

1035 2443 1145 2477 Omnis
1170 2450 1462 2487 consummationis
