1655 2726
532 679 570 710 ΙΙ.
604 678 797 711 psalterium
819 678 935 711 heatae
956 678 1075 711 Mariae
1097 678 1133 710 V.

585 779 727 813 Prima
757 779 1075 821 Quinquagena.

201 868 233 901 1.
260 868 342 907 Ave,
369 866 491 908 lignum

310 915 470 949 excelsum
497 915 630 957 gloriae,

258 963 358 996 Seeus
384 972 485 1004 aquas

308 1013 489 1052 plantatum
515 1011 650 1053 gratiae,

261 1060 357 1093 Cuius
383 1069 544 1101 nunquam

313 1107 450 1141 defluxit
474 1107 597 1147 folium,

257 1158 338 1197 Quia
362 1158 453 1198 virgo

305 1206 433 1247 gessisti
460 1205 572 1238 filium.

201 1285 234 1317 2.
261 1284 343 1325 Ave,
370 1283 454 1324 regis

311 1333 433 1364 aeterni
461 1331 585 1373 civitas,

265 1380 361 1413 Cuius
389 1380 499 1420 virtus,

314 1430 403 1461 cuius
428 1429 604 1461 auctoritas

262 1477 359 1518 Regit
383 1482 494 1518 gentes

311 1526 345 1558 in
369 1526 462 1566 virga
486 1524 595 1558 ferrea

262 1574 307 1606 Et
328 1572 504 1615 confringit

307 1626 344 1655 ut
367 1632 447 1655 vasa
468 1625 582 1657 testea.

200 1702 232 1733 3.
259 1700 341 1743 Ave,
370 1709 468 1733 causa

312 1749 427 1782 salutis
452 1749 627 1788 hominum,

263 1796 360 1830 Cuius
387 1798 509 1831 clamor

331 1846 436 1879 factus
463 1847 505 1879 ad
530 1846 702 1880 Dominum

259 1895 421 1929 Exaudiri

313 1945 353 1977 de
378 1948 486 1977 monte
511 1945 640 1984 meruit,

261 1991 301 2028 In
328 1998 360 2025 te
387 2002 515 2026 carnem

310 2052 379 2075 cum
407 2043 541 2075 verbum
566 2042 683 2075 induit.

199 2122 232 2155 4.
256 2120 339 2164 Ave,
369 2121 469 2164 virgo,

309 2177 391 2210 quae
418 2169 459 2201 de
483 2169 678 2202 caelestibus

262 2217 443 2251 ostendisti

310 2267 396 2300 bona
420 2266 604 2299 hominibus

262 2316 348 2356 Quos
368 2313 542 2355 frumento,

309 2365 384 2398 vino
410 2367 441 2396 et
467 2364 539 2398 oleo

261 2412 396 2447 Satiasti

309 2467 408 2504 partu
432 2462 588 2504 virgineo,

899 869 930 902 5.
956 868 1038 910 Ave,
1067 871 1170 900 mater

1006 917 1130 948 aeterni
1155 915 1324 958 principis,

958 963 1067 996 Verba
1090 968 1203 996 nostra

1007 1021 1088 1053 quae
1113 1013 1167 1052 pie
1192 1011 1346 1052 percipis,

958 1059 1048 1092 Tuae
1073 1064 1163 1092 scuto

1007 1108 1250 1141 benevolentiae

958 1155 1157 1189 Coronemur

1006 1206 1040 1238 in
1065 1214 1163 1246 regno
1189 1205 1322 1246 gloriae.

903 1284 934 1317 6.
961 1282 1043 1322 Ave,
1069 1282 1156 1314 salus

1009 1329 1130 1364 infirmi
1157 1331 1305 1372 hominis,

961 1379 1033 1420 Tui,
1061 1388 1189 1419 quaes0,

1013 1429 1077 1460 vim
1103 1427 1336 1466 medicaminis,

964 1475 1057 1515 Quod
1083 1477 1232 1508 medetur

1010 1526 1135 1557 cunetis
1158 1523 1381 1567 ianguoribu37

962 1572 1169 1606 Conturbatis

1008 1620 1162 1654 infundas
1189 1622 1326 1654 ossibus.

905 1701 936 1734 7.
961 1700 1043 1740 Ave,
1068 1703 1173 1732 mater

1013 1750 1104 1789 virgo
1131 1749 1326 1790 concipiens,

963 1797 1041 1835 Fac,
1068 1806 1110 1829 ne
1134 1797 1234 1830 iudex

1011 1849 1114 1878 lustus
1141 1850 1173 1878 et
1198 1848 1326 1886 patiens

964 1894 1085 1927 Mentis
1112 1898 1243 1927 nostrae

1011 1947 1219 1984 perscrutans
1246 1941 1380 1982 angulos

962 1992 1128 2024 Irascatur

1012 2050 1071 2082 per
1098 2041 1167 2073 dies
1193 2039 1347 2081 singulos.

905 2120 937 2152 8.
965 2119 1045 2158 Ave,
1075 2120 1165 2150 cuius

1011 2165 1248 2207 magnificentia

964 2214 1192 2256 supercrescit

1014 2268 1046 2296 et
1071 2265 1190 2296 transit
1215 2262 1331 2304 omnia,

963 2312 1046 2351 Tua,
1073 2313 1175 2353 virgo,

1012 2370 1086 2394 nam
1113 2360 1200 2393 suxit
1225 2360 1336 2402 ubera,

962 2411 1022 2451 Qui
1048 2409 1199 2443 fundavit

1012 2460 1120 2492 lunam
1147 2462 1179 2491 et
1204 2459 1324 2493 sidera.
