1655 2726
214 568 270 601 35.

210 1167 266 1200 36.

209 1778 265 1811 37.

204 2393 261 2426 38.

751 163 1015 198 —123—

287 257 349 289 Hic
373 258 486 291 lancea
510 257 598 291 facta
623 260 715 292 clave

283 306 442 346 Apertum
470 307 577 339 cordis
602 309 753 340 conclave

334 354 436 387 Offert
461 356 564 387 exsuli
588 356 711 389 homini

283 402 367 435 Eum
394 403 562 436 eximendo
589 414 610 437 a
634 414 693 437 vae

285 450 349 482 Per
372 454 568 484 tormentum
593 463 684 485 suum
709 462 808 494 grave

334 499 438 540 Seque
465 501 573 533 datum
601 501 789 534 discrimini.

291 566 496 600 Confitemini
522 569 654 601 deorum

287 616 424 649 Domino
452 620 484 649 et
510 618 721 658 dominorum,

336 665 395 705 Qui
421 663 501 697 fecit
525 666 697 706 mirabilia,

289 713 346 752 Qui
374 716 494 745 motum
521 713 599 746 fecit
625 715 795 755 caelorum,

285 761 490 794 Planetarum
519 765 551 794 et
575 765 733 795 astrorum

331 809 549 843 Distinctione
575 811 674 851 varia,

285 858 349 890 Hic
374 858 496 890 habens
520 859 552 891 in
580 860 734 891 memoria

284 907 402 947 Corda,
430 916 512 947 quae
536 910 612 939 sunt
636 907 779 949 humilia,

330 954 506 987 Hereditas
533 959 582 987 est
607 964 726 996 eorum,

283 1003 376 1035 Omni
404 1003 493 1035 carni
520 1003 643 1035 cibaria

282 1051 457 1083 Praestans
483 1051 515 1083 in
542 1060 655 1083 mensa
678 1052 813 1092 propria

333 1098 450 1132 Cibus
485 1098 616 1131 factus
643 1100 846 1133 viatorum.

283 1165 387 1207 Super
412 1164 544 1198 flumina
569 1167 685 1199 sedere

280 1214 459 1254 Babylonis
486 1218 518 1246 et
541 1215 653 1256 lugere

329 1263 546 1296 Recordando
572 1264 750 1303 praeterita

282 1311 393 1345 Debeo
419 1314 452 1343 et
475 1312 539 1344 iam
566 1312 663 1344 silere

281 1359 412 1392 Debent
437 1356 497 1405 [et]
524 1370 644 1401 organa
668 1370 755 1402 vere,

331 1408 409 1441 Cum
437 1412 584 1450 tempora
609 1410 674 1441 sint
690 1410 833 1450 perdita,

280 1457 401 1497 Quibus
428 1457 524 1489 debui
549 1458 665 1490 merita

282 1505 375 1538 Omni
402 1514 480 1538 cura
503 1506 645 1538 sollicita

328 1554 548 1595 Augmentare
575 1558 607 1586 et
631 1564 759 1597 augere,

282 1601 358 1643 Sed,
386 1611 470 1645 ecce,
499 1603 664 1635 exinanita

282 1650 362 1683 Sunt
389 1651 496 1683 omnia
520 1654 552 1683 et
576 1651 680 1693 irrita,

327 1699 416 1731 Nihil
443 1698 515 1743 feci,
544 1703 646 1732 restat
671 1699 759 1733 flere.

281 1776 467 1810 Confitebor
495 1777 527 1808 in
555 1782 730 1817 conspeetu

279 1826 476 1866 Angelorum
503 1835 563 1866 pro
591 1825 730 1868 defectu,

326 1874 424 1914 Quem
449 1874 514 1906 iam
542 1875 715 1907 emendare
739 1876 826 1916 volo,

279 1921 313 1954 Si
339 1923 417 1963 quid
443 1921 506 1955 feci
530 1923 564 1956 in
592 1924 747 1964 despectu

280 1970 327 2004 Ut
353 1975 523 2005 contumax
549 1973 598 2004 vel
626 1973 785 2013 neglectu,

328 2020 403 2052 Plus
431 2021 618 2053 continuare
644 2022 729 2062 nolo,

277 2068 353 2109 Sed,
380 2070 407 2101 si
434 2079 527 2111 agam
553 2070 633 2102 haec
657 2071 690 2102 in
716 2070 790 2103 dolo

277 2118 341 2150 Pro
367 2118 456 2150 victu
486 2119 631 2159 corporis
658 2119 727 2151 solo

324 2167 393 2199 Aut
416 2168 588 2208 temporali
614 2166 774 2209 profectu,

276 2216 383 2248 Extra
407 2214 543 2258 fingens,
570 2217 656 2257 quod
681 2220 713 2248 te
740 2217 821 2258 colo,

279 2264 363 2305 Scio,
391 2266 477 2305 quod
502 2268 537 2297 tu
563 2269 652 2297 stans
678 2266 710 2297 in
736 2265 812 2306 polo

331 2313 429 2346 Vides
454 2314 516 2346 hoc
540 2315 573 2346 in
600 2314 778 2347 intellectu.

275 2391 424 2433 Domine,
451 2392 594 2435 probans
621 2392 741 2426 novisti

272 2440 319 2474 Et
342 2450 478 2474 noscens
503 2442 696 2474 intellexisti

322 2490 415 2523 Meas
443 2491 665 2532 cogitationes,

909 726 963 758 39.

908 1333 963 1365 40.

906 1955 962 1986 41.

980 262 1059 294 Vias
1085 272 1171 296 meas
1197 262 1388 303 praevidisti

977 309 1020 341 Et
1046 319 1143 352 super
1168 320 1219 343 me
1242 311 1379 351 posuisti

1028 359 1114 392 Tuas
1140 360 1372 396 miserationese

980 405 1044 438 Sed
1078 416 1140 440 non
1167 408 1285 449 agenti,
1310 407 1394 448 quod
1422 415 1540 446 mones,

981 453 1050 485 Nec
1074 456 1218 488 audienti
1243 464 1415 497 sermones,

1027 503 1111 542 Quos
1135 503 1207 536 fieri
1232 504 1371 545 voluisti,

980 550 1064 591 Scio,
1092 552 1176 592 quod
1202 552 1288 584 vitae
1313 551 1493 591 praedones

979 598 1196 641 Interitusque
1221 608 1397 640 praecones

1030 647 1074 680 Ut
1098 648 1226 680 nuntios
1252 648 1458 690 praemisisti.

979 724 1080 764 Eripe
1106 734 1165 765 me,
1193 722 1240 770 [o]
1266 726 1411 763 Domine,

981 774 1009 805 A
1032 774 1197 813 pestilenti
1222 774 1352 806 turbine

1027 821 1142 863 Iniqua
1167 822 1427 864 machinantium,

979 869 1031 901 Ab
1056 870 1180 902 infideli
1206 871 1344 911 homine,

979 918 1156 951 Anhelanti
1182 919 1348 951 conamine

1026 966 1079 997 Ad
1106 976 1185 1007 opus
1210 967 1443 1007 proditorium3

980 1013 1148 1054 Nunquam
1175 1024 1298 1046 mecum
1324 1015 1366 1046 sit
1390 1014 1510 1046 labium

979 1061 1121 1101 Nequam
1149 1063 1430 1095 mut-muratorium

1028 1109 1093 1142 Sub
1120 1120 1307 1152 quocunque
1332 1111 1500 1149 velamine,

982 1158 1050 1189 Nec
1075 1159 1211 1191 habeam
1235 1160 1268 1191 in
1295 1160 1416 1191 socium

978 1206 1172 1246 Linguosum
1201 1208 1442 1248 detractorium,

1027 1254 1198 1287 Carentem
1226 1256 1446 1288 moderamine

982 1332 1130 1373 Domine,
1159 1334 1300 1365 clamare
1325 1333 1404 1365 satis

977 1380 1030 1413 Ad
1059 1382 1173 1414 ostium
1199 1381 1331 1422 pietatis

1027 1428 1171 1470 Possum,
1199 1430 1258 1462 sed
1282 1439 1348 1462 non
1372 1430 1524 1462 exaudies

977 1477 1049 1509 Nisi
1075 1479 1226 1518 precibus
1253 1479 1373 1519 aptatis

977 1525 1024 1558 Ut
1047 1526 1213 1559 incensum
1239 1530 1271 1558 et
1291 1527 1426 1568 paratis,

1025 1574 1089 1607 Per
1115 1585 1193 1616 quas
1219 1576 1261 1608 ad
1287 1584 1338 1607 me
1359 1578 1395 1607 tu
1412 1575 1543 1616 venies3

978 1623 1043 1656 Sed
1070 1632 1139 1656 cum
1165 1625 1290 1656 incensi
1315 1624 1439 1664 species

977 1671 1027 1703 Sit
1051 1681 1125 1712 spes
1151 1682 1231 1716 mea,
1259 1676 1295 1704 tu
1321 1672 1433 1705 audies

1023 1720 1080 1752 Me
1103 1724 1286 1761 sperantem
1311 1721 1345 1753 in
1371 1724 1404 1752 te
1428 1721 1529 1761 gratis

977 1769 1022 1801 Et
1045 1769 1158 1803 saltem
1185 1778 1286 1810 usque
1311 1770 1431 1810 septies

975 1817 1029 1850 Ad
1057 1820 1193 1857 gratiam
1219 1816 1380 1858 recipies'

1026 1865 1091 1906 Spe
1116 1870 1249 1908 recepta
1274 1876 1333 1907 pro
1360 1866 1492 1908 rogatis.

981 1953 1066 1985 Voce
1091 1963 1162 1987 mea
1188 1957 1220 1986 et
1245 1954 1362 1995 spiritu

975 2002 1164 2036 Lacrimoso
1188 2012 1259 2035 cum
1287 2003 1408 2045 gemitu

1025 2051 1082 2092 Te,
1109 2053 1213 2086 Deum
1238 2060 1354 2092 meum,
1379 2052 1517 2092 postulo,

976 2100 1102 2133 Adesto
1128 2102 1181 2142 pie
1205 2101 1285 2132 mihi
1310 2103 1345 2132 tu

977 2149 1117 2182 Introitu
1143 2153 1175 2182 et
1197 2150 1284 2181 exitu

1026 2197 1089 2230 Per
1115 2199 1210 2241 viam,
1241 2198 1274 2230 in
1301 2207 1363 2238 qua
1388 2197 1528 2242 ambulo,

978 2246 1089 2278 Posito
1115 2246 1308 2279 offendiculo

979 2295 1064 2327 Mihi
1092 2300 1125 2328 et
1148 2295 1316 2336 retiaculo,

1027 2343 1101 2377 Non
1125 2344 1159 2376 in
1187 2345 1326 2377 clamoso
1352 2345 1458 2377 sonitu

978 2392 1133 2425 Traditus
1156 2403 1225 2425 sum
1252 2393 1408 2435 periculo,

979 2441 1052 2473 Nisi
1077 2443 1201 2483 gratiae
1224 2442 1351 2475 baiculo

1029 2489 1201 2533 Respicias
1227 2491 1354 2525 intuitu.
