1655 2726
723 138 984 175 —106—

243 237 273 270 7.
299 236 448 277 Domine,
474 237 561 269 Deus
588 239 727 279 aeterne,

214 2063 270 2096 10.

299 284 463 326 Splendor
486 285 608 326 gloriae
632 286 796 326 paternae,

346 332 384 365 In
410 334 443 363 te
468 333 595 374 speravi
622 335 654 364 et
676 341 782 375 spero,

298 380 376 421 Fac,
401 380 544 413 illustret
563 389 614 412 me
638 381 765 412 interne

297 427 419 460 Lumen
445 429 568 469 gratiae
593 437 761 470 supernae,

344 476 402 519 Tu,
430 476 517 509 Deus
544 477 584 510 de
608 476 677 509 Deo
702 485 802 516 vero·¹

299 523 333 556 Si
357 524 460 556 iustus
487 534 531 566 es,
559 525 637 557 satis
664 523 744 566 fero,

300 572 377 605 Cum
404 575 436 603 et
460 574 596 616 patiens,
622 576 659 604 ut
684 581 812 613 quaero,

346 621 509 654 Monstres
527 622 578 653 lae
593 629 750 653 mammae
765 630 829 653 ma-

602 672 724 709 ternae,

298 716 410 757 Quod,
438 717 589 756 quamdiu
613 726 682 749 sum
709 720 741 748 et
765 725 830 759 ero,

297 764 424 805 Sugam,
451 765 594 805 quamvis
620 765 714 797 nimis
740 773 822 805 sero,

344 812 383 844 In
408 816 518 853 potum
544 813 615 845 sitis
639 815 801 845 veternae.

264 897 270 904 .
297 869 444 910 Domine,
472 871 608 903 Domine
634 871 733 911 Deus,

298 917 358 956 Qui
384 921 416 949 te
442 917 532 959 dans,
563 921 600 950 ut
625 927 710 950 esses
730 927 829 959 meus,

344 966 430 999 Miro
456 967 551 999 modo
578 969 610 998 et
634 967 747 999 ordine

297 1014 336 1046 In
363 1014 425 1046 hoc
448 1015 568 1047 mundo
595 1013 758 1046 Galilaeus

295 1062 415 1094 Factus
442 1070 475 1094 es
501 1065 534 1094 et
556 1062 720 1094 Nazareus

345 1109 448 1141 Natus
474 1110 581 1142 Maria
605 1110 738 1151 virgine,

297 1157 477 1190 Minoratus
501 1167 560 1198 pro
585 1158 713 1190 homine

298 1205 376 1238 Tam
397 1205 509 1238 habitu
533 1215 626 1246 quam
653 1207 788 1248 nomine,

345 1253 506 1293 Quidquid
524 1254 663 1285 ruminet
678 1253 828 1294 Iudaeus,

298 1301 391 1341 Quod
417 1300 536 1333 factum
560 1305 619 1342 est,
645 1305 682 1333 ut
699 1302 830 1333 crimine

293 1350 344 1382 Ac
368 1349 515 1382 barathri
540 1350 691 1390 voragine

343 1398 412 1430 Iam
438 1398 578 1438 respiret
603 1398 697 1429 homo
723 1406 807 1431 reuS.

263 1492 269 1498 .
298 1463 484 1497 Confitebor
508 1464 568 1496 tibi
595 1465 701 1505 corde,

298 1513 346 1546 Ut
370 1515 525 1553 purgatus
555 1513 638 1545 omni
665 1513 762 1545 sorde

348 1560 489 1593 Psallam
513 1561 574 1593 tibi
599 1561 764 1599 altissimo,

300 1609 455 1648 Quoniam
479 1609 689 1641 misericorde

299 1657 346 1690 Te
370 1655 457 1688 facto
484 1667 554 1690 cum
578 1666 630 1689 me
654 1658 792 1689 vecorde

346 1703 502 1739 Sufficere
525 1715 588 1738 non
615 1705 756 1746 aestimo,

299 1754 333 1786 Si
360 1762 494 1793 corpore
519 1757 550 1785 et
571 1754 676 1786 animo

297 1801 373 1833 Tibi
398 1803 535 1842 psallam
560 1810 599 1833 ex
622 1802 734 1833 intimo

346 1849 492 1890 Utroque
517 1851 612 1882 simul
637 1849 805 1889 concorde,

297 1897 369 1930 Nisi
394 1906 471 1930 ausu
495 1898 737 1939 promptissimo

298 1946 416 1978 Dicere
441 1955 552 1987 queam
576 1947 709 1978 ultimo:

344 1995 412 2027 Iam
421 1995 504 2039 veni,
511 2004 607 2037 mors,
616 1997 703 2026 etme
709 1995 831 2026 morde.

296 2062 333 2094 In
359 2061 498 2095 Domino
525 2061 688 2095 confidere

301 2110 423 2149 Debeo,
449 2120 512 2143 non
536 2119 745 2151 praesumere

344 2158 395 2191 De
420 2167 478 2191 sua
504 2159 580 2191 data
604 2159 719 2201 gratia,

297 2207 380 2239 Nam
407 2208 597 2248 quandoque
621 2208 689 2239 vult
714 2207 832 2239 cadere

298 2255 401 2296 Super
426 2264 498 2288 reos
524 2259 557 2287 et
580 2256 692 2296 pluere

346 2303 493 2344 Laqueos
520 2304 588 2336 sive
613 2304 710 2346 retia,

298 2352 405 2384 Iustus
432 2355 481 2385 est
506 2361 566 2385 nec
590 2353 713 2385 iustitia

297 2400 447 2444 Exuitur,
476 2410 546 2433 cum
572 2402 666 2434 venia

346 2449 407 2481 Pie
432 2451 499 2491 agit
524 2459 594 2483 cum
619 2459 771 2492 paupere,

903 391 958 425 11.

901 977 956 1011 12.

905 1610 958 1644 13.

905 2209 959 2243 14.

987 237 1021 270 Si
1046 239 1198 277 operatur
1223 235 1323 279 varia,

984 285 1055 318 Hoc
1080 285 1179 326 exigit
1203 283 1338 317 materia

1032 333 1073 366 Se
1097 333 1225 366 varians
1250 333 1283 365 in
1310 339 1416 371 opere.

986 391 1115 424 Salvum
1140 400 1191 423 me
1216 389 1268 423 fac
1293 388 1462 431 propitius,

984 439 1137 479 Quoniam
1161 448 1224 471 non
1250 448 1283 471 es
1308 437 1416 469 varius

1032 489 1068 520 In
1094 490 1128 519 te
1150 496 1211 519 nec
1235 485 1411 528 variabilis,

986 536 1123 575 Propter
1145 536 1304 567 miseriam
1330 534 1402 574 pius

984 583 1134 615 Nostram
1162 591 1321 624 expurgas
1352 583 1438 614 ocius

1031 631 1151 663 Factus
1177 634 1209 663 et
1234 630 1485 671 compassibilis3

983 679 1066 711 Nam
1094 689 1162 711 cum
1187 679 1231 711 sis
1256 677 1426 711 ineffabilis

983 727 1030 759 Et
1052 726 1385 768 incomprehensibilis

1030 774 1241 816 Infinitusque
1263 775 1359 813 filius,

982 824 1030 856 Te
1055 824 1094 856 ob
1120 824 1181 855 hoc
1205 822 1400 855 venerabilis

982 871 1102 904 Venter
1127 871 1259 912 virginis
1284 870 1413 903 humilis

1030 919 1282 960 Comprehendit
1304 919 1449 953 interius,

982 978 1156 1018 Usquequo
1183 976 1349 1009 dominans
1376 977 1447 1020 erit,

983 1025 1043 1065 Qui
1068 1026 1205 1057 animam
1230 1033 1333 1057 meam
1359 1025 1485 1064 quaerit

1029 1073 1183 1105 Nesciens
1207 1082 1344 1112 unquam
1369 1081 1513 1114 parcere,

982 1121 1155 1162 Usquequo
1182 1124 1214 1152 et
1238 1130 1306 1152 eam
1332 1122 1409 1153 terit

983 1169 1191 1210 Persequitur
1215 1171 1312 1209 atque
1336 1167 1414 1201 ferit

1028 1217 1196 1258 Appetens
1222 1225 1291 1249 eam
1315 1216 1480 1256 perdere?

983 1265 1106 1297 Vulnus
1132 1265 1166 1296 in
1190 1267 1245 1296 tuo
1270 1265 1373 1296 latere

982 1313 1090 1353 Atque
1114 1314 1243 1353 sanguis
1270 1321 1309 1344 ex
1329 1312 1463 1345 vulnere

1031 1361 1207 1393 Memoriae
1232 1361 1334 1393 virtus
1360 1362 1454 1404 gerit,

983 1410 1073 1449 Quod
1098 1409 1299 1449 redemptam
1317 1412 1383 1441 tam
1401 1418 1516 1451 aspere

983 1457 1144 1490 Oblivioni
1169 1458 1301 1489 tradere

1032 1505 1103 1537 Non
1137 1505 1234 1537 debes
1267 1505 1396 1545 videnS,
1432 1506 1518 1546 quod

1288 1554 1383 1594 perit.

986 1610 1078 1643 Dixit
1101 1611 1256 1651 insipiens
1282 1620 1356 1643 reus

982 1659 1245 1700 Exorbitansque
1267 1660 1407 1693 Iudaeus

1031 1707 1186 1739 Insistens
1211 1708 1289 1748 pedi
1314 1708 1461 1742 litterae:

982 1756 1086 1788 Homo
1112 1756 1187 1787 talis
1207 1765 1272 1789 non
1297 1760 1347 1788 est
1370 1756 1468 1800 Deus,

982 1804 1028 1836 Et
1052 1804 1080 1835 si
1104 1804 1201 1848 Deus,
1228 1814 1293 1836 non
1319 1808 1369 1837 est
1392 1815 1492 1847 meus,

1032 1852 1164 1884 Velatus
1191 1853 1296 1884 carnis
1321 1853 1460 1895 vellere3

984 1901 1033 1933 Tu
1060 1900 1100 1932 de
1123 1901 1210 1933 caelo
1234 1902 1423 1942 prospicere

985 1949 1085 1990 Velis,
1106 1951 1143 1980 ut
1165 1949 1354 1990 intellegere

1034 1996 1133 2040 Sciat,
1160 2001 1314 2038 quantum
1339 2007 1491 2033 erroneus

987 2045 1046 2085 Sit,
1072 2048 1109 2077 ut
1133 2048 1166 2077 et
1189 2049 1302 2086 pectus
1328 2049 1466 2081 tundere

986 2092 1032 2125 Et
1056 2094 1099 2126 ad
1123 2097 1155 2125 te
1181 2103 1215 2126 se
1241 2099 1429 2129 convertere

1034 2142 1121 2174 Velit
1145 2143 1208 2174 iam
1232 2153 1296 2176 non
1321 2147 1492 2178 tartareus.

986 2208 1134 2251 Domine,
1161 2211 1231 2251 quis
1256 2211 1417 2246 habitabit

986 2258 1054 2289 Aut
1077 2258 1111 2290 in
1136 2263 1244 2291 monte
1269 2264 1324 2292 tuo
1350 2262 1459 2306 stabit,

1036 2306 1070 2339 Si
1095 2308 1182 2341 solus
1205 2309 1275 2341 sine
1299 2311 1425 2343 macula

987 2354 1113 2388 Ibidem
1138 2357 1336 2389 hereditabit

987 2403 1055 2436 Aut
1080 2405 1166 2437 solus
1190 2405 1276 2437 hunc
1300 2408 1487 2441 vendicabit

1036 2452 1110 2485 Non
1136 2457 1267 2487 onustus
1293 2456 1476 2489 sarcinula?
