1655 2726
668 135 931 171 —139-

138 228 219 265 163.
235 230 422 264 Privantem
448 235 526 265 tunc
549 234 737 276 ignoranter
832 237 912 269 166.
927 235 1070 276 Populos
1096 236 1212 267 multos
1238 233 1372 267 salvasti

234 278 277 311 Se
301 280 378 322 vita,
406 282 507 323 virgo,
533 283 670 315 servasti
927 283 1131 316 Dominicum
1156 286 1301 316 sanctum
1321 283 1463 323 mittens,

234 327 435 369 Hostemque
459 328 552 370 fugas
577 331 747 375 instanter,
929 332 996 371 Quo
1015 333 1120 366 Iesum
1136 331 1299 365 Christum
1314 331 1463 371 placasti,

233 375 400 409 Mortuum
423 379 635 416 resuscitasti,
928 380 1029 413 Simul
1054 380 1263 413 Franciscum
1292 380 1450 415 emittens,

137 443 219 477 164.
235 442 408 477 Suscitasti
434 447 644 489 Mercurium,
832 447 1088 481 167.Emittens
1112 452 1248 488 uterque
1273 447 1407 481 verbum

233 492 280 526 Ut
306 493 459 527 caederet
483 504 580 528 manu
605 506 664 529 sua
928 496 966 528 In
992 496 1139 529 veritatis
1165 497 1306 529 aemulos

233 541 392 574 Iulianum
419 543 592 577 obnoxium
927 545 990 577 Per
1015 548 1057 587 te,
1088 545 1206 585 Maria,
1234 544 1406 585 superbum

231 589 375 622 Nimium
399 591 433 623 in
459 591 556 632 plebe
579 596 645 626 tua.
929 592 1097 625 Calcantes
1122 596 1255 625 servant
1279 593 1426 633 populos

136 656 216 691 165.
233 656 303 690 Tua
328 658 552 692 misericordia
833 661 913 695 168.
928 660 1071 701 Populos
1097 663 1212 701 optans
1237 661 1368 693 trahere

233 706 321 738 Ante
345 715 434 739 meos
460 708 504 740 sit
527 709 648 748 oculos,
927 709 982 741 Ad
1007 709 1101 751 caeli,
1128 711 1239 752 mater,
1267 709 1396 751 gaudia,

235 754 324 794 Quae
349 764 466 796 magna
488 756 652 789 mirabilia
930 757 1089 789 Doctores
1115 757 1202 790 orbis
1227 758 1357 790 mittere

230 802 326 835 Facit
350 803 493 837 liberans
517 806 665 845 populos,
929 805 1002 838 Non
1028 805 1147 839 desinis
1174 814 1245 838 cum
1271 806 1383 847 gloria.

471 872 549 906 169.
580 872 692 906 Gloria
718 873 788 915 tibi,
817 874 954 917 domina,

579 921 667 960 Quae
689 930 750 962 per
773 921 837 953 iter
861 922 1032 963 impiorum

578 969 711 1010 Spargis
737 970 862 1011 gratiae
887 970 1021 1013 semina,

578 1017 624 1050 Ut
648 1018 718 1050 vias
743 1021 880 1050 noscant
903 1017 1072 1051 iustorum.

131 1171 211 1204 170.
226 1170 395 1212 Dominus,
422 1173 495 1204 tuus
521 1170 618 1211 filius,
830 1173 910 1207 173.
925 1172 1119 1213 Obsequium
1146 1172 1338 1212 simpliciter

228 1219 253 1252 O
279 1220 397 1259 Maria,
427 1221 476 1251 cui
503 1228 608 1260 servo,
923 1221 997 1253 Tibi
1023 1220 1125 1253 reddo
1151 1221 1277 1254 vinctus
1302 1220 1415 1262 frater,

226 1268 291 1302 Per
315 1272 349 1300 te
373 1267 516 1300 illustret
541 1269 680 1309 amplius
922 1269 970 1302 Ut
994 1279 1013 1301 a
1038 1269 1152 1302 vinclis
1180 1269 1330 1302 celeriter

226 1316 283 1350 Me
307 1316 389 1349 lucis
417 1326 494 1349 suae
518 1317 622 1351 radio.
923 1317 979 1349 Me
1003 1317 1164 1359 absolvas,
1190 1317 1264 1350 Iesu
1289 1320 1402 1351 mater.

131 1385 212 1417 171.
226 1383 334 1417 Badio
358 1387 435 1417 tuae
461 1385 596 1426 gratiae,
828 1386 909 1419 174.
923 1385 1033 1417 Mater
1059 1385 1144 1427 Iesu,
1170 1386 1327 1426 templum
1352 1385 1425 1428 Dei.

229 1432 329 1473 Virgo
356 1442 478 1465 summe
503 1432 672 1473 luminosa,
925 1433 983 1466 Cui
1009 1432 1164 1474 profugus
1189 1442 1241 1465 me
1270 1438 1451 1475 praesento,

227 1481 417 1514 Illustretur
443 1481 563 1514 cotidie
923 1482 1009 1515 Tuta
1032 1482 1131 1514 vitam
1160 1482 1267 1514 cordis
1293 1483 1356 1515 mei

228 1529 304 1562 Vita
328 1538 402 1562 mea
425 1528 610 1565 tenebrosa.
922 1530 989 1563 Sub
1015 1530 1139 1572 gratiae
1162 1534 1358 1571 tegumento,

134 1599 213 1632 172.
229 1597 416 1631 Tenebrosa
440 1597 587 1630 custodia
830 1598 910 1632 175.
925 1598 1124 1639 Tegumento
1151 1599 1280 1640 quidem
1306 1600 1369 1632 isto

232 1646 356 1679 Viduae
381 1646 524 1679 clausum
549 1645 650 1679 filium
925 1647 1004 1680 Cum
1030 1647 1133 1680 sentio
1159 1656 1210 1680 me
1236 1650 1429 1691 contectum,

227 1694 394 1728 Liberasti
418 1694 561 1736 propitia
925 1694 1087 1728 Affectum
1114 1697 1154 1729 do
1180 1706 1294 1737 purum
1323 1696 1462 1738 Christo,

227 1744 368 1784 Propter
393 1744 507 1776 matris
534 1743 733 1785 obsequium.
926 1743 982 1776 Sin
1009 1747 1125 1788 autem,
1154 1754 1209 1778 cor
1231 1748 1281 1777 est
1296 1743 1462 1779 infectum.

470 1812 550 1846 176.
577 1811 738 1845 lnfectum
765 1821 864 1854 genus
889 1813 1063 1845 humanum

574 1862 678 1902 Saepe
703 1861 847 1895 reddunt
871 1862 1072 1903 peccamina,

577 1910 643 1944 Sed
668 1912 703 1942 tu
730 1911 793 1943 cito
819 1911 931 1943 reddis
958 1919 1071 1943 sanum

577 1959 775 1992 Conversum
801 1959 843 1991 ad
869 1962 911 2002 te,
938 1959 1077 1991 domina.

130 2107 210 2140 177.
224 2105 278 2139 Ad
306 2108 349 2150 te,
380 2105 519 2149 domina,
549 2106 693 2140 clamabo
828 2107 908 2140 179.
922 2106 1007 2138 Fide
1033 2115 1108 2147 ergo
1133 2105 1253 2146 potiori

224 2154 265 2188 In
291 2164 354 2195 qua
379 2156 525 2195 speravit
550 2164 606 2188 cor
630 2164 747 2197 meum,
922 2155 969 2187 Te
994 2157 1160 2196 rogantem
1185 2163 1249 2187 non
1274 2153 1420 2187 iuvabis}

225 2202 270 2236 Et
294 2206 329 2235 te
353 2212 481 2245 semper
508 2205 661 2246 exorabo,
922 2203 1031 2246 Absit,
1058 2203 1117 2236 sed
1141 2203 1317 2244 ingentiori

225 2252 273 2287 Ut
297 2262 357 2293 pro
384 2262 437 2285 me
462 2253 506 2285 sis
532 2256 607 2285 ante
631 2252 747 2286 Deum.
921 2252 1018 2285 Hunc
1043 2252 1164 2284 virtute
1188 2251 1369 2287 roborabis.

128 2321 210 2356 178.
226 2320 342 2363 Deum,
369 2320 488 2366 Maria,
515 2321 652 2362 placasti
827 2321 907 2356 180.
924 2320 1104 2362 Orabisque
1129 2320 1367 2362 redemptorem

224 2369 358 2403 Mulieri
383 2370 578 2413 homicidae,
923 2369 963 2403 In
991 2372 1167 2409 conspectu
1191 2370 1388 2412 angelorum,

225 2420 325 2460 Quam
352 2419 393 2452 ab
419 2419 494 2461 igne
519 2419 667 2453 liberasti
926 2418 977 2451 Ne
1005 2419 1061 2452 det
1085 2418 1184 2451 talem
1209 2424 1414 2458 peccatorem

224 2468 272 2502 Te
298 2471 466 2511 rogantem
491 2470 584 2502 brevi
609 2468 687 2503 fide.
925 2467 1112 2500 Sententiae
1134 2467 1356 2509 reproborum.
