1655 2726
765 139 1021 174 —-2l2—

253 297 309 330 11.
334 297 416 337 Ave,
442 303 530 327 meus
556 294 706 326 salutaris

248 604 303 636 12.

243 908 302 941 13.

245 1217 300 1248 14.

245 1521 300 1555 15.

243 1888 298 1921 21.

242 2198 299 2229 22.

336 345 449 377 Custos
475 345 508 374 et
533 342 597 374 dux
620 341 792 382 singularis

381 392 474 426 Stans
508 390 542 421 in
569 389 671 421 crucis
696 389 838 429 specula,

330 440 386 472 Me
412 447 575 478 conserva,
600 446 652 469 me
678 437 813 478 custodi,

330 487 479 519 Hostium
503 495 576 517 nam
601 485 690 517 mille
712 485 800 517 modi

376 534 602 567 Admittuntur
625 533 741 566 iacula.

329 606 410 645 Ave,
439 601 527 633 cuius
553 605 602 633 est
628 603 792 640 consputa,

329 651 392 683 Suo
416 648 496 682 flore
522 648 676 681 destituta

376 697 528 738 Speciosa
550 695 660 737 facies,

327 746 418 778 Haec
441 755 461 778 a
484 753 536 776 me
558 753 621 776 non
647 747 819 787 avertatur,

333 793 397 826 Sed
422 803 441 826 a
465 801 516 824 me
539 792 702 825 intueatur

380 841 507 874 Centies
533 844 566 873 et,
589 841 705 876 milies.

329 909 409 951 Ave,
437 916 506 949 rex,
534 908 588 948 qui
612 908 794 940 libertatem

326 956 447 1000 Donas,
474 956 528 996 qui
554 957 771 996 captivitatem

375 1007 405 1037 A
430 1003 522 1037 nobis
548 1007 695 1036 avertere

331 1052 461 1093 Captus,
487 1052 613 1084 vinctus
638 1053 798 1094 studuistis

327 1100 401 1132 Tibi
425 1101 504 1143 laus,
533 1100 587 1140 qui
611 1101 740 1133 voluisti

373 1149 440 1180 Nos
465 1148 607 1188 captivos
633 1149 769 1182 solvere.

327 1216 406 1258 Ave,
434 1214 523 1247 cuius
549 1217 599 1246 est
623 1215 798 1255 adpensum

329 1264 454 1303 Corpus
481 1263 583 1304 cruci,
612 1263 710 1295 clavis
736 1267 858 1296 tensum

375 1311 473 1352 Regis
498 1310 753 1353 tabernaculum,

329 1359 367 1391 In
392 1368 453 1399 quo
478 1358 570 1390 miles
595 1361 782 1400 protegatur

326 1407 370 1439 Et
396 1407 424 1438 ei
450 1406 657 1439 subveniatur

376 1455 430 1487 Ad
456 1463 549 1486 omne
572 1455 760 1496 periculum.

326 1523 407 1561 Ave,
435 1529 561 1562 semper
586 1523 831 1563 providendum,

329 1569 474 1610 Sponsae
496 1570 642 1602 manibus
668 1569 837 1604 ferendum

376 1618 604 1658 Redemptoris
629 1620 804 1663 speculum⁷

329 1666 394 1698 Per
419 1669 453 1698 te
475 1666 603 1698 macula
626 1670 783 1709 tergatur,

328 1714 466 1746 Formae
492 1714 589 1746 decor
613 1719 777 1757 augeatur,

375 1762 482 1803 Purga
506 1762 622 1794 mentis
647 1764 783 1799 oculum,

856 1832 917 1867 III.

326 1888 405 1927 Ave,
433 1887 517 1928 Iesu,
546 1888 648 1920 dulcis
673 1887 785 1929 frater,

326 1936 386 1976 Qui
411 1944 467 1968 nos
492 1936 594 1968 lactas
621 1937 710 1969 velut
733 1940 837 1970 mater

373 1984 546 2016 Vulnerum
570 1984 733 2029 uberibus,

325 2033 463 2065 Roseum
489 2032 541 2064 lac
564 2033 739 2074 protulisti,

327 2080 460 2120 Quando
485 2081 671 2121 sanguinem
696 2081 810 2114 fudisti

379 2129 429 2161 De
453 2128 600 2160 manibus
627 2132 658 2161 et
682 2130 830 2169 pedibus

324 2197 406 2239 Ave,
433 2195 546 2237 spinea
571 2205 699 2237 corona,

325 2245 503 2277 Benedicta
529 2245 571 2276 sit
594 2253 743 2285 persona,

378 2293 476 2327 Cuius
503 2296 601 2333 eaput
624 2294 746 2334 regium

327 2342 376 2374 Tu
402 2341 542 2383 cinxisti,
567 2350 618 2373 me
644 2346 773 2374 coronet

326 2390 411 2432 lpse,
439 2398 499 2431 per
524 2393 557 2421 te
581 2390 657 2423 mihi
686 2390 784 2423 donet

373 2439 482 2472 Vitam
508 2442 540 2470 et
564 2438 743 2480 imperium.

869 236 912 268 11.

936 293 990 326 16.

935 600 987 632 17.

933 908 988 942 18.

933 1216 988 1250 19.

933 1525 988 1558 20.

930 1892 985 1924 23.

931 2199 985 2233 24.

1018 293 1098 332 Ave,
1125 293 1209 330 1esu,
1237 291 1290 330 qui
1315 290 1478 330 proiectus

1017 339 1121 372 Extra
1143 341 1271 380 portam
1296 347 1329 369 es
1355 341 1480 370 erectus

1065 387 1103 419 In
1132 387 1234 419 crucis
1259 386 1416 427 patibulo,

1019 435 1080 475 Qui
1105 435 1254 467 misertus
1281 442 1314 465 es
1339 434 1488 476 latronis,

1018 483 1107 515 Tuae
1131 481 1347 515 miserationis

1064 531 1132 563 Nos
1156 530 1298 570 astringe
1323 529 1461 562 vinculo.

1015 598 1098 640 Ave,
1123 595 1257 638 virginis
1282 596 1409 629 Mariae

1017 647 1083 679 Fili
1110 654 1195 687 care,
1223 645 1311 677 euius
1337 645 1409 677 viae

1064 696 1254 735 Paupertas,
1282 693 1463 734 humilitas;

1017 743 1077 775 His
1104 741 1276 776 virtutibus
1302 750 1472 783 armemur,

1016 791 1136 824 Christi
1161 788 1302 822 flosculis
1328 799 1479 822 ornemur

1063 840 1127 873 Per
1150 841 1193 879 te,
1220 841 1333 871 sancta
1356 839 1496 872 trinitas

1014 908 1096 951 Ave,
1124 915 1242 948 sponse
1266 906 1422 948 speciose,

1013 956 1203 988 Thalamum
1230 955 1282 995 qui
1309 955 1469 995 gloriosae

1063 1003 1266 1036 Consecrasti
1291 1003 1435 1043 virginis,

1015 1052 1082 1084 Nos
1109 1052 1242 1092 dignare
1267 1059 1465 1095 consecrare,

1015 1100 1150 1139 Templa
1174 1098 1290 1130 mentis
1315 1099 1477 1132 adornare

1061 1147 1149 1180 Rosa
1173 1147 1221 1178 tui
1245 1147 1420 1188 sanguinis.

1011 1216 1093 1257 Ave,
1119 1214 1339 1247 holocaustum
1364 1215 1493 1256 pingue,

1014 1264 1083 1296 Tuo
1109 1262 1207 1302 adipe
1232 1262 1399 1303 exstingue

1062 1312 1155 1353 Ignes
1182 1313 1214 1342 et
1237 1310 1389 1343 incendia

1015 1360 1174 1392 Vitiorum
1201 1361 1234 1390 et
1256 1357 1388 1400 inferni,

1016 1408 1117 1440 Nobis
1141 1415 1253 1439 resera
1277 1408 1408 1447 superni

1063 1455 1190 1496 Templi
1215 1456 1409 1490 sanctuaria.

1014 1525 1096 1565 Ave,
1123 1523 1177 1564 qui
1204 1531 1237 1554 es
1263 1523 1423 1556 exaltatus

1014 1572 1060 1604 Et
1077 1582 1096 1604 a
1120 1573 1215 1612 patre
1241 1574 1411 1605 coronatus

1063 1619 1209 1652 Pretioso
1234 1620 1354 1659 lapide,

1014 1668 1062 1701 Ut
1084 1677 1143 1700 nos
1165 1667 1228 1699 tibi
1253 1676 1489 1714 corregnemus,

1015 1716 1067 1748 Da
1091 1721 1166 1748 tuae
1191 1717 1458 1750 communicemus

1063 1763 1208 1797 Passioni
1233 1762 1380 1800 floridae.

1012 1890 1092 1933 Ave,
1118 1892 1241 1931 pastor,
1269 1891 1323 1931 qui
1348 1901 1400 1924 me
1426 1892 1517 1925 ducis

1010 1938 1055 1971 Et
1079 1939 1113 1970 in
1134 1946 1245 1970 mensa
1268 1939 1346 1972 mihi
1373 1941 1476 1973 crucis

1060 1986 1173 2019 Dulcis
1199 1995 1232 2018 es
1259 1986 1405 2031 refectio,

1012 2035 1078 2068 Exi
1103 2037 1216 2068 contra
1240 2036 1443 2080 tribulantes,

1012 2084 1118 2126 Foris,
1144 2082 1230 2115 intus
1254 2084 1490 2129 impugnantes,

1059 2132 1136 2166 Mea
1162 2132 1349 2166 consolatio.

1014 2199 1096 2241 Ave,
1123 2199 1216 2232 fortis
1241 2201 1418 2240 proeliator

1012 2247 1057 2280 Et
1081 2247 1193 2280 salutis
1218 2248 1396 2289 imperator

1062 2296 1172 2329 Crucis
1198 2299 1327 2337 gestans
1352 2299 1506 2340 gladium,

1013 2344 1116 2377 Nobis
1141 2346 1321 2378 aeternales
1347 2350 1462 2386 portae

1015 2393 1062 2426 Ut
1085 2393 1289 2435 pandantur,
1317 2393 1367 2427 fer
1392 2395 1425 2427 in
1450 2399 1555 2429 morte

1061 2441 1192 2474 Miseris
1218 2443 1384 2477 auxilium.
