1655 2726
164 256 315 298 25.Ave‚
342 257 445 289 lesum
473 256 645 296 deponenti

232 304 349 345 Ioseph
373 308 406 336 et
429 304 598 343 sepelienti

277 352 404 385 Aderas
430 352 653 392 maestissima,

234 400 288 432 Ad
314 402 549 432 monumentum
576 400 722 440 sedebas,

237 447 380 481 Consilia
404 457 468 481 non
493 447 630 479 timebas

280 496 456 537 Impiorum
481 496 629 537 pessima.

160 564 216 597 26.
230 564 311 604 Ave,
339 563 490 595 dilectum
514 563 677 603 quaesisti,

233 611 331 651 Quem
356 619 476 652 ungere
500 611 629 643 voluisti

283 659 435 692 Caritatis
461 659 579 701 studio,

233 707 352 747 Angeli
376 710 606 748 apparuerunt,

233 754 317 787 Eum
343 756 452 788 vivere
477 755 637 795 dixerunt,

279 803 426 844 Langues
453 803 624 837 desiderio.

159 871 215 902 27.
230 871 310 908 Ave,
337 870 455 902 ardens
480 870 513 902 in
539 879 648 902 amore

231 918 443 950 Praestolaris
471 927 540 949 cum
565 917 693 950 fervore

284 965 406 998 Dilecti
431 966 627 1008 praesentia,

232 1012 330 1052 Quem
343 1014 417 1046 dum
430 1014 521 1046 vides
528 1015 631 1046 vivum
641 1018 789 1056 stantem,

232 1061 278 1092 'l‘e
302 1062 443 1095 Mariam
473 1063 700 1105 nominantem,

280 1110 458 1150 Percepisti
483 1110 627 1150 gratiam.

158 1294 211 1326 31.
229 1293 310 1335 Ave,
338 1293 391 1332 pie
418 1295 615 1332 conversata,

232 1340 399 1380 Apostolis
424 1345 596 1382 aggregata

277 1388 414 1420 Manens
438 1390 472 1421 in
499 1389 658 1432 cenaculo,

232 1436 308 1469 Sine
332 1437 439 1469 taedio
465 1436 581 1468 orabas

229 1483 275 1516 Et
302 1484 416 1516 donum
442 1484 503 1518 Dei
531 1483 703 1517 affectabas

278 1532 401 1565 Mundo
428 1533 641 1572 receptaculo.

161 1599 217 1631 32.
232 1599 315 1641 Ave,
340 1600 437 1640 plene
461 1600 668 1642 perlustrata,

230 1647 309 1688 igne
333 1651 444 1680 sancto
470 1652 687 1682 consummata

280 1695 418 1728 Deitatis
443 1695 582 1736 numine,

229 1744 359 1776 Almum
384 1753 522 1784 pneuma
547 1744 699 1786 visitavit,

231 1791 284 1824 Sic
308 1795 341 1823 te
366 1800 502 1832 sponsus
528 1792 697 1825 honoravit

283 1839 466 1872 Gratiarum
492 1840 621 1873 lumine.

161 1908 217 1941 33.
231 1907 311 1950 Ave,
338 1909 407 1939 tota
431 1905 598 1949 flamigera

232 1955 363 1997 Exstas,
388 1964 513 1989 morum
537 1954 707 1988 fructifera

276 2003 404 2044 Magnis
430 2012 501 2036 cum
526 2004 709 2043 virtutibus,

230 2051 432 2084 Transitoria
455 2051 617 2092 sprevisti,

230 2099 313 2131 Nam
341 2099 538 2141 pauperibus
566 2100 685 2132 dedisti

280 2148 420 2181 Praedia
445 2157 516 2180 cum
541 2148 667 2188 opibus,

156 2215 212 2247 34.
228 2215 309 2255 Ave,
335 2218 483 2247 matrona
506 2215 635 2257 nobilis,

225 2263 280 2295 Ad
306 2266 339 2295 te
365 2264 482 2297 clamat
505 2272 583 2304 grex
605 2262 739 2308 fragilis,

273 2312 363 2344 Audi
386 2321 455 2354 nos,
479 2312 631 2354 propitia,

226 2359 274 2392 Ut
296 2369 316 2392 a
341 2361 437 2401 culpa
461 2361 679 2403 emundemur,

227 2408 278 2440 Ne
303 2413 377 2448 post
400 2411 536 2441 mortem
560 2409 787 2451 perturbemur

270 2457 409 2490 Arverni
436 2457 579 2491 tristitia.

788 160 857 195 270
908 182 953 186 -—

855 258 909 289 28.
922 258 1005 299 Ave,
1031 259 1135 298 primo
1162 258 1259 298 digna.
1284 256 1348 289 frui

927 305 1003 337 Visu
1028 305 1242 346 redemptoris
1266 306 1313 336 tui

973 352 1138 394 Surgentis
1163 353 1197 384 in
1222 353 1335 393 gloria,

924 400 1030 432 Testis
1057 410 1156 433 verax
1182 401 1389 441 resurgentis,

924 448 1056 481 Caelum
1081 453 1265 489 terramque
1288 449 1429 490 regentis

971 496 1115 529 Sollenni
1140 496 1283 530 victoria.

852 565 906 597 29.
921 564 1002 603 Ave,
1028 565 1113 596 vitae
1139 564 1369 606 praedicatrix,

922 611 972 644 Sis
999 621 1058 652 pro
1084 611 1175 645 nobis
1201 613 1365 644 exoratrix

971 660 1097 692 Nobilis
1121 660 1277 701 apostola,

923 708 1008 740 Laus
1034 712 1067 740 et
1093 709 1188 741 decus
1214 708 1393 748 mulierum,

921 756 968 788 Te
994 757 1111 789 ditavit
1133 765 1251 789 numen
1276 766 1386 788 verum

970 805 1036 837 Nos
1061 805 1093 837 in
1120 804 1186 837 fide
1210 804 1337 839 robora.

850 872 905 905 30.
920 873 1002 912 Ave,
1027 881 1182 912 praesens
1207 870 1351 912 adfuisti,

920 920 1039 960 Magno
1065 920 1181 961 gaudio
1209 920 1318 952 vidisti

967 968 1095 1001 Adesse
1118 976 1227 1008 regem
1252 968 1385 1009 gloriae,

921 1016 999 1049 Cum
1027 1017 1130 1057 dignis
1156 1020 1233 1047 tunc
1257 1016 1438 1057 benedicta,

919 1065 950 1095 A
974 1064 1044 1096 Deo
1068 1073 1228 1105 nunquam
1256 1064 1409 1097 derelicta

967 1113 1005 1144 In
1031 1113 1117 1144 valle
1140 1112 1298 1145 miseriae.

786 1218 842 1250 IV.

849 1295 904 1328 35.
918 1294 999 1334 Ave,
1023 1293 1144 1333 probra
1168 1294 1341 1335 pertulisti,

917 1341 1001 1373 Dum
1035 1342 1215 1382 proclamas
1238 1341 1334 1374 fidem
1361 1342 1480 1375 Christi

968 1390 1083 1422 Eiecta
1107 1389 1272 1433 molestiis,

921 1437 989 1469 Tuo
1013 1446 1105 1470 sacro
1132 1437 1265 1478 collegio

918 1485 950 1517 A
975 1486 1073 1517 maris
1099 1484 1267 1526 naufragio

966 1533 1122 1566 Demersa
1146 1534 1295 1567 miseriis.

852 1602 903 1634 36.
919 1602 999 1641 Ave,
1028 1602 1161 1634 caelitus
1183 1604 1333 1641 protecta

918 1649 1097 1682 Marsiliam
1122 1658 1155 1682 es
1182 1649 1284 1681 eiecta

966 1697 1004 1729 In
1030 1698 1165 1729 salutem
1190 1698 1342 1739 gentium,

921 1744 1027 1777 Verba
1051 1746 1137 1778 vitae
1161 1746 1393 1787 praedicando,

918 1792 1045 1825 Mentes
1071 1803 1169 1826 vanas
1194 1793 1389 1828 illustrando

967 1841 1060 1874 idola
1086 1842 1266 1875 colentium.

848 1909 1000 1950 37.Ave,
1024 1913 1135 1941 natum
1161 1909 1351 1954 impetrasti,

919 1956 1018 1995 Quem
1044 1960 1077 1989 et
1100 1961 1206 1989 terrae
1233 1959 1427 2000 consignasti

965 2005 1069 2037 Matri
1094 2006 1175 2038 dans
1199 2006 1363 2048 obsequia,

918 2052 1013 2085 Hanc
1038 2062 1057 2085 a
1080 2056 1185 2086 morte
1207 2055 1403 2097 suscitando,

919 2101 1038 2142 Pignus
1065 2102 1173 2135 datum
1199 2103 1366 2137 educando

966 2149 1063 2181 Facis
1088 2150 1259 2184 mirabilia.

847 2215 998 2259 38.Ave,
1026 2217 1128 2250 dulcis
1154 2227 1172 2250 o
1197 2218 1315 2260 Maria,

914 2264 966 2297 Da
989 2265 1135 2298 levamen
1160 2265 1222 2299 bac
1245 2268 1279 2299 in
1304 2269 1361 2302 via

967 2312 1136 2355 Complens
1162 2315 1335 2357 desideria,

915 2361 1055 2403 Protege
1078 2366 1113 2395 te
1139 2362 1319 2410 diligentes,

919 2410 1092 2444 Consolare
1116 2421 1174 2445 nos
1199 2418 1361 2453 gementes

967 2459 1005 2491 In
1031 2461 1193 2500 praesenti
1218 2462 1358 2498 miseria.
