1655 2726
143 448 200 481 36.

138 945 194 978 37.

141 1488 198 1522 38.

140 1998 197 2031 39.

679 99 919 135 -25—

270 195 316 228 Et
341 195 445 236 plebis
471 197 694 239 opprobrium,

271 243 345 276 Tibi
373 244 452 277 dent
474 246 672 288 obsequium,

224 290 345 330 Quibus
363 293 475 325 mundi
493 298 569 335 post
582 293 764 328 conflictum

222 340 354 372 Ventris
380 341 428 372 tui
453 341 660 375 benedictum

271 387 427 422 Fructum
456 390 513 423 das
540 391 572 423 in
600 392 750 431 pretium.

228 447 308 488 Ave,
337 446 438 479 nubes
465 452 558 489 grata
583 449 655 491 soli,

222 495 259 527 In
287 505 350 537 qua
374 496 445 528 sola
469 497 531 529 sibi
557 497 620 530 soli

271 544 391 576 Solium
419 544 467 576 sol
492 547 649 589 repperit,

221 592 274 625 Ab
301 597 445 625 extremo
469 596 574 627 tracta
599 594 671 635 soli,

222 641 261 674 In
288 649 439 681 supremo
465 642 529 675 sita
552 643 621 683 poii

271 689 342 721 Nec
366 693 476 722 tamen
503 691 552 723 sol
579 690 702 724 deserit

274 738 405 783 Lucem,
435 747 504 771 cum
532 749 567 771 se
592 741 735 772 conserit

220 786 363 820 Nostrae
389 788 491 830 carni,
522 792 653 821 nostrae
678 789 765 830 moli,

221 835 293 869 Nec
318 840 470 877 acceptus
496 845 600 869 novae
624 837 710 877 proli

270 884 348 918 Flos
374 886 511 926 pudoris
539 886 675 927 deperit.

221 943 302 987 Ave,
329 944 430 987 virgo,
460 953 542 985 quae
569 943 737 985 complesti

222 992 359 1025 Luctum
373 996 531 1035 nostrum,
546 993 623 1025 dum
634 992 768 1025 caelesti

273 1041 451 1075 Credidisti
477 1042 599 1079 nuntio,

223 1089 287 1123 Per
334 1098 429 1131 quam
470 1090 566 1123 modo
608 1089 769 1131 plaudunt

530 1138 656 1183 maesti,

224 1186 307 1220 Dum
335 1191 506 1219 recurrunt
537 1187 606 1219 dies
633 1186 720 1227 festi,

274 1235 350 1268 Dies
376 1235 464 1276 pleni
492 1236 621 1277 gaudio,

272 1284 394 1324 Quibus
419 1284 460 1317 ab
487 1285 601 1317 exsilio

225 1332 378 1366 Gaudent
404 1333 481 1365 Sion
507 1333 661 1374 restituti,

227 1382 312 1421 Quos
338 1390 399 1414 nec
424 1391 504 1422 opus
531 1384 646 1422 gravat
670 1381 728 1414 luti

273 1429 344 1462 Nec
369 1432 461 1463 vetus
488 1429 645 1463 confusio.

225 1490 306 1530 Ave,
333 1498 392 1529 per
418 1498 513 1530 quam
532 1489 583 1521 ius
599 1489 767 1529 antiquum

225 1538 420 1578 Revocatur‚
449 1538 523 1570 dum
549 1538 693 1578 iniquum

276 1586 400 1619 Sternit
427 1585 488 1618 Dei
517 1586 661 1629 dextera,

226 1636 316 1676 Quae
341 1633 503 1676 confregit
525 1635 702 1675 inimicum,

224 1683 276 1717 Ex
300 1687 377 1716 tunc
402 1692 519 1716 novum
541 1693 601 1724 per
618 1683 766 1726 amicum,

273 1733 335 1765 Via
360 1734 451 1773 patet
475 1732 597 1774 libera3

271 1782 425 1815 Praedux
450 1782 549 1813 maris
575 1783 689 1824 altera,

224 1830 303 1863 Tuis
329 1830 447 1871 pandis
474 1830 571 1863 maris
598 1830 730 1874 siccum,

224 1880 275 1912 Ne
300 1879 465 1912 declinent
488 1879 521 1911 in
548 1878 713 1920 obliquum

275 1929 339 1961 Per
364 1928 507 1970 Aegypti
535 1937 645 1968 opera.

224 1999 307 2038 Ave,
334 1997 437 2039 virgo,
465 1997 622 2037 splendor
643 1996 767 2036 mundi,

222 2046 262 2079 In
289 2054 351 2086 qua
376 2046 464 2078 nocti
489 2046 537 2078 sic
561 2044 689 2078 infundi

273 2094 346 2128 Lux
371 2103 513 2134 superna
540 2094 651 2135 voluit,

225 2144 318 2183 Quod
353 2152 392 2175 ex
418 2147 513 2176 nocte
538 2143 584 2176 nii
610 2142 767 2175 immundi

223 2192 296 2225 Lux
324 2194 488 2224 contraxit
512 2200 573 2224 nec
595 2191 751 2224 confundi

272 2241 344 2274 Lux
368 2241 427 2273 sub
454 2245 550 2274 nocte
574 2241 690 2282 potuit,

273 2290 368 2323 Nova
391 2291 448 2322 lux
475 2290 606 2322 emicuit

223 2340 365 2373 Nostrae
390 2340 495 2372 noctis
521 2340 556 2371 in
581 2337 757 2380 profundo,

226 2388 304 2422 Cum
342 2392 488 2422 exortum
516 2396 624 2429 regem
650 2387 769 2419 mundo

273 2437 345 2470 Vox
372 2438 521 2471 caelestis
546 2436 662 2469 innuit.

836 198 894 231 40.

839 700 895 734 41.

839 1207 896 1238 42.

839 1723 897 1755 43.

842 2240 897 2274 44.

920 199 1003 237 Ave,
1030 199 1118 231 cuius
1144 198 1231 232 intra
1257 203 1377 232 tectum

920 245 1075 280 Nostrum
1108 247 1185 280 facit
1211 248 1253 281 ad
1279 247 1460 290 profectum

970 295 1025 328 Sol
1051 295 1219 328 illustrans
1245 296 1354 329 sidera

919 342 1078 377 Umbram
1096 345 1202 376 carnis
1221 354 1280 384 per
1296 345 1459 377 obiectum

922 390 991 423 Nec
1009 400 1047 423 ex
1065 392 1180 425 umbra
1197 393 1258 425 scit
1277 392 1459 433 defectum,

968 440 1027 483 Tu,
1055 440 1136 472 lucis
1161 450 1332 482 puerpera,

970 487 1064 521 Nova
1089 488 1195 521 carnis
1221 489 1343 521 hedera

922 534 1048 568 Novum
1074 536 1183 569 Ionam
1203 541 1309 579 gestas
1328 540 1458 578 tectum,

922 583 1022 623 Quem
1050 586 1090 617 de
1115 586 1197 617 mari
1223 585 1283 618 hoc
1309 586 1445 619 eiectum

973 632 1123 665 Remittis
1149 634 1189 666 ad
1217 634 1360 667 aethera.

923 702 1005 743 Ave,
1032 701 1121 733 cuius
1146 702 1234 734 intra
1258 703 1363 735 sinum

923 749 1073 782 Clausum
1099 750 1189 782 sidus
1215 751 1405 783 matutinum

975 799 1062 831 Patri
1088 797 1282 831 sacrificium

922 846 973 878 De
998 854 1033 878 se
1058 845 1138 879 facit
1164 848 1391 888 vespertinum,

922 895 1010 934 Opus
1036 904 1133 935 agens
1159 896 1374 939 peregrinum,

972 943 1017 976 Ut
1042 942 1197 976 reformet
1222 944 1389 985 proprium

971 991 1041 1025 Lex
1066 992 1178 1031 leprae
1203 992 1396 1034 contagium,

922 1039 1059 1080 Lignum
1077 1044 1195 1081 purgat
1211 1049 1271 1081 per
1284 1041 1461 1082 cedrinum,

921 1087 1006 1120 Dum
1032 1096 1111 1121 crux
1138 1088 1225 1121 virus
1243 1089 1463 1130 serpentinum

970 1136 1119 1177 Expellit
1142 1145 1202 1177 per
1226 1135 1339 1171 filium.

922 1206 1003 1244 Ave,
1031 1205 1121 1237 cuius
1146 1205 1194 1237 sic
1218 1206 1370 1238 honestas

922 1254 1042 1294 Regem
1065 1254 1174 1293 movit,
1202 1254 1288 1294 quod
1311 1255 1463 1287 maiestas

971 1303 1009 1334 In
1037 1305 1069 1333 te
1094 1303 1184 1334 venit
1208 1302 1305 1347 regia,

921 1351 971 1383 Tu
995 1354 1072 1391 post
1095 1354 1231 1383 matrem
1256 1352 1327 1384 sola
1344 1355 1459 1393 restas,

923 1398 998 1432 Sola
1022 1399 1114 1431 nobis
1140 1399 1235 1431 sedes
1260 1403 1417 1440 praestas,

972 1447 1036 1480 Ubi
1064 1448 1104 1480 de
1130 1447 1278 1481 custodia

971 1496 1119 1529 Eductus
1145 1496 1293 1537 plenaria

923 1544 1019 1585 Ligni
1049 1545 1145 1577 datur
1169 1545 1232 1578 iam
1259 1549 1413 1586 potestas,

926 1593 1022 1626 Cuius
1049 1602 1137 1626 esum
1164 1603 1226 1626 uon
1254 1598 1380 1635 egestas

973 1642 1126 1683 Sequitur
1151 1643 1209 1675 sed
1235 1643 1348 1684 gioria.

924 1723 1005 1761 Ave,
1034 1729 1128 1761 quam
1155 1720 1202 1753 sic
1226 1721 1374 1754 introivit

922 1769 1062 1802 Fructus
1081 1769 1177 1811 vitae,
1194 1779 1254 1811 per
1270 1778 1366 1811 quem
1385 1770 1468 1803 vivit

972 1819 1101 1859 Pauper
1127 1818 1159 1850 in
1186 1818 1310 1858 exsilio,

925 1867 1015 1907 Quod
1040 1867 1197 1900 iacturam
1224 1865 1283 1899 flos
1308 1868 1456 1909 nescivit,

924 1917 1003 1951 Cum
1029 1916 1117 1948 intra
1141 1919 1175 1948 te
1199 1925 1235 1948 se
1261 1916 1365 1948 univit

972 1965 1059 1997 Rosa
1086 1965 1166 1997 caeli
1193 1965 1279 2007 lolio,

974 2013 1155 2046 Meditatur
1180 2015 1263 2046 ratio

926 2063 972 2095 Et
995 2062 1141 2104 inquirit,
1165 2071 1249 2103 quae
1274 2061 1408 2104 audivit,

926 2111 1019 2151 Quod
1045 2112 1088 2143 ad
1113 2120 1224 2144 servos
1250 2119 1309 2143 rex
1334 2111 1435 2144 exivit

976 2159 1092 2192 Clauso
1119 2159 1242 2192 ventris
1268 2160 1360 2194 ostio.

926 2240 1006 2279 Ave,
1033 2246 1094 2278 per
1120 2245 1212 2277 quam
1240 2246 1299 2269 nos
1324 2238 1447 2279 revisit,

929 2287 989 2327 Qui
1018 2287 1058 2319 de
1083 2286 1149 2318 aito
1175 2294 1305 2318 manum
1329 2286 1418 2319 misit

973 2336 1010 2368 In
1039 2343 1207 2367 cavernam
1235 2336 1350 2379 reguli,

927 2384 1027 2424 Quem
1055 2383 1174 2416 delusit
1198 2387 1231 2415 et
1258 2384 1384 2429 derisit,

926 2434 1024 2474 Quem
1054 2432 1173 2465 devicit
1198 2436 1231 2465 et
1256 2434 1343 2466 elisit
