1655 2726
174 526 230 559 30.

168 1125 225 1158 31.

167 1738 222 1770 32.

163 2355 220 2388 33.

706 120 969 157 ——109—

245 215 329 249 Olim
356 226 415 257 pro
440 218 560 251 mundo
584 219 713 259 perdito

246 264 293 297 Te
318 263 419 297 fuisse
444 275 507 297 non
531 267 655 300 haesito

292 312 482 347 Exaltatum
505 315 686 360 libramine,

244 361 292 394 Te
318 361 572 397 demonstratum
599 364 710 405 digito,

246 409 342 449 Quasi
369 413 424 442 tuo
451 411 606 444 demerito

292 457 364 490 Hoc
389 458 488 492 fuerit
512 461 566 492 vel
592 461 736 493 crimine.

247 527 285 559 In
311 528 355 568 te,
382 527 530 571 Domine,
559 529 688 569 speravi

245 574 453 607 Macillentus
480 574 566 608 fame
591 578 691 620 gravi,

294 622 449 666 Credens,
470 625 555 664 quod
569 633 622 657 me
636 627 805 667 enutrires‚

246 671 338 711 Quod
365 681 429 704 non
454 681 549 712 pomo
575 673 670 713 primi
697 673 758 714 avi,

246 719 312 753 Sed
338 722 371 752 te
395 720 466 765 ipso
493 729 532 753 ex
557 721 649 754 suavi

291 767 425 800 Famem
450 777 554 801 meam
577 768 720 811 reficies3

244 816 283 849 In
308 818 342 848 te
365 817 489 850 salvum
515 826 566 849 me
590 816 701 858 facies,

242 865 377 905 Quando
403 865 446 899 ad
472 874 524 897 me
548 866 703 905 respicies

291 912 442 946 Caladrio
470 922 602 954 compar
627 914 690 955 avi,

240 961 286 993 Et
311 961 339 992 si
365 971 384 993 a
408 970 460 993 me
485 962 528 993 sit
552 961 652 994 facies

240 1010 379 1051 Aversa,
406 1010 471 1042 iam
497 1011 591 1043 adest
615 1010 683 1042 dies

287 1057 418 1101 Mortis,
432 1067 528 1100 quam
534 1059 791 1100 adpropinquavi
797 1086 804 1091 .

239 1125 345 1166 Beati,
374 1135 509 1166 quorum
534 1126 689 1158 remissae

242 1174 305 1206 Die
330 1175 443 1206 mortis
470 1178 502 1206 et
528 1174 679 1207 dimissae

290 1221 439 1255 Fuerunt
461 1223 659 1264 iniquitates,

242 1271 398 1310 Quoniam
423 1271 537 1304 melius
562 1272 628 1304 isse

240 1319 303 1352 Est
327 1320 475 1353 omnibus
501 1329 595 1360 quam
621 1321 748 1353 venisse

289 1367 328 1401 ln
353 1368 466 1401 mundi
490 1368 712 1409 lubricitates3

243 1416 316 1449 Non
343 1420 391 1449 est
417 1419 546 1450 sanctus
572 1426 676 1458 neque
701 1420 802 1459 vates,

243 1464 303 1505 Qui
329 1475 393 1498 non
421 1465 506 1498 dicat
533 1465 593 1498 tibi
618 1469 725 1506 grates

291 1512 440 1554 Flagella
462 1514 576 1546 mundi
600 1515 756 1547 transisse

242 1561 301 1594 Vel
327 1562 381 1602 qui
408 1563 475 1595 eius
500 1563 660 1595 vanitates

242 1610 344 1643 Simul
372 1614 402 1642 et
425 1610 600 1643 varietates

287 1658 360 1691 Non
387 1659 527 1701 gaudeat
553 1659 733 1700 reliquisse.

239 1737 423 1781 Exmltate,
452 1737 538 1778 iusti,
567 1747 642 1778 ergo

237 1786 396 1819 Mundum
427 1785 583 1819 habentes
610 1795 629 1818 a
654 1789 744 1828 tergo

287 1834 390 1867 Deum
424 1837 635 1876 nostrumque
659 1836 803 1877 laudate,

237 1884 294 1916 Me
320 1884 458 1915 similem
485 1884 536 1916 avi
560 1891 669 1925 mergo

237 1932 476 1970 Fluctuantem‚
505 1932 560 1964 ubi
589 1941 697 1975 vergo,

284 1980 335 2014 De
361 1979 512 2014 fluetibus
538 1981 686 2023 liberate,

236 2029 405 2071 Accedite,
433 2034 618 2073 properate,

238 2078 425 2112 Succurrite
449 2079 597 2117 indilate,

286 2126 370 2160 Nam
399 2128 533 2160 devotus
556 2128 597 2160 ad
616 2137 673 2160 vos
690 2136 802 2170 perge,

240 2176 287 2209 Ut
310 2176 343 2207 in
370 2179 443 2208 utre
470 2179 682 2219 congregatae

238 2224 320 2257 Sunt
345 2233 448 2265 aquae
473 2226 572 2258 maris
599 2225 759 2266 turbatae,

286 2273 409 2314 Quibus
436 2274 548 2314 lapsus
565 2282 617 2306 me
633 2274 801 2315 immerge.

236 2351 432 2386 Benedicam
461 2352 661 2386 dominorum

237 2400 410 2435 Dominum
438 2403 470 2434 et
494 2402 680 2443 angelorum

284 2450 437 2483 Laudans
462 2450 495 2481 in
523 2451 609 2483 omni
635 2454 790 2492 tempore,

866 685 922 718 34.

864 1294 919 1328 35.

864 1915 919 1948 36.

939 220 999 261 Qui
1027 220 1091 254 dux
1116 219 1220 253 faetus
1248 220 1405 254 viatorum

938 270 993 302 Ad
1018 270 1187 301 transitum
1212 270 1446 302 mundanorum

986 318 1054 351 Nos
1079 320 1248 358 exspectat
1270 318 1304 350 in
1328 317 1444 358 litore3

938 365 1002 398 Hie
1029 365 1195 399 descendit
1222 374 1261 398 ex
1285 366 1402 399 arbore

938 413 1010 446 Non
1038 414 1144 446 calore
1170 414 1221 448 vel
1247 413 1367 455 frigore

986 462 1149 495 Perdente
1174 463 1323 495 decorem
1347 460 1472 503 florum,

938 510 990 542 Ex
1016 520 1078 551 qua
1103 514 1251 550 suscepto
1279 519 1413 553 corpore

938 558 1045 591 Nauta
1071 558 1172 591 bonus
1192 559 1226 590 in
1249 567 1388 600 aequore

987 607 1116 639 Nullum
1145 607 1214 639 vult
1238 608 1341 648 mergi
1357 616 1496 641 suorum.

940 684 1061 723 Iudiea,
1087 684 1235 725 Domine,
1264 686 1317 725 qui
1342 693 1393 716 me

937 733 1178 773 Persequuntur
1201 733 1396 773 nequissime

987 781 1090 814 Causa
1115 782 1281 815 voluntate
1305 790 1373 821 sua,

936 830 991 861 Ad
1015 830 1096 862 tales
1121 830 1344 870 potentissime

936 878 1179 919 Expugnandos
1201 887 1286 909 nune
1310 878 1436 910 animae

984 926 1081 958 Meae
1107 927 1176 958 die:
1208 925 1284 958 Sum
1308 926 1394 958 salus
1419 929 1496 966 tua3

938 973 1014 1006 Fiat
1031 974 1076 1006 eis
1101 977 1134 1006 ut
1157 974 1265 1006 bellua

936 1021 1080 1063 Angelus
1106 1025 1179 1054 tuus
1202 1031 1304 1054 nocua

983 1070 1053 1102 Hos
1078 1079 1274 1111 persequens
1298 1069 1483 1110 iustissime⁷

937 1117 1007 1150 Nee
1032 1118 1096 1150 sint
1122 1119 1167 1150 eis
1193 1117 1338 1159 proficua

935 1166 1056 1207 Aliqua
1082 1167 1132 1199 vel
1157 1167 1289 1207 irrigua,

985 1214 1050 1247 Sed
1075 1218 1212 1255 pereant
1237 1215 1401 1247 citissime.

936 1292 1028 1324 Dixit
1052 1291 1189 1324 iniustus
1214 1291 1348 1332 impius:

935 1341 1024 1373 Iusto
1051 1349 1105 1372 ero
1133 1340 1312 1373 contrarius

983 1388 1185 1432 Mafflinans,
1212 1392 1249 1420 ut
1272 1389 1421 1431 intereat,

936 1438 987 1470 Ne
1011 1440 1205 1470 memoretur
1230 1437 1369 1477 amplius

936 1486 1060 1519 Nomen
1085 1486 1162 1527 eius,
1190 1486 1248 1518 sed
1273 1486 1388 1518 noxius

982 1535 1105 1567 Locum
1132 1535 1198 1567 eius
1223 1534 1407 1573 possideat3

934 1583 1022 1615 Deus
1050 1591 1148 1626 meus,
1176 1582 1230 1615 hie
1255 1583 1375 1622 videat,

937 1632 1073 1665 Ordinet
1099 1635 1131 1663 et
1153 1631 1325 1672 provideat

985 1680 1103 1713 Oculus
1128 1683 1201 1712 tuus
1228 1679 1351 1717 obvius,

937 1729 981 1762 Ut
1007 1730 1047 1761 ad
1075 1731 1108 1760 te
1134 1729 1196 1761 cito
1222 1728 1347 1769 redeat,

934 1778 993 1818 Qui
1021 1778 1151 1820 erravit,
1177 1778 1214 1809 ut
1238 1781 1361 1817 pereat,

983 1826 1157 1860 Correetor
1179 1825 1230 1858 sui
1254 1826 1368 1867 ipsius.

936 1913 1012 1946 Noli
1038 1914 1203 1954 aemulari,
1231 1915 1349 1954 tamen,

935 1962 1019 2002 Quos
1046 1963 1210 2003 cognoscis
1236 1971 1295 2002 per
1320 1970 1455 1993 examen

983 2011 1097 2053 Inique
1119 2018 1247 2052 semper
1273 2018 1377 2052 agere,

934 2059 1020 2101 Noli,
1050 2059 1147 2100 Deus,
1180 2061 1212 2091 et
1236 2061 1380 2091 tutamen

933 2108 1073 2150 Negare,
1100 2108 1154 2148 qui
1179 2116 1238 2148 per
1263 2115 1436 2149 precamen

958 2158 1012 2190 Ad
1039 2163 1072 2190 te
1096 2157 1209 2189 volunt
1231 2164 1418 2196 recurrere3

934 2205 1065 2239 Utinam
1094 2208 1126 2237 et
1150 2204 1298 2244 recipere

932 2255 997 2298 Me,
1027 2254 1078 2287 cui
1105 2254 1204 2286 dieis:
1232 2256 1407 2293 revertere,

981 2303 1031 2336 Tu
1058 2302 1200 2343 digneris
1227 2302 1269 2334 ad
1296 2302 1448 2343 solamen,

935 2351 1012 2385 Cum
1039 2360 1102 2384 non
1129 2351 1265 2383 habeam
1291 2349 1404 2392 fugere

933 2400 1005 2432 Nisi
1031 2401 1072 2433 ad
1099 2403 1132 2431 te
1158 2403 1190 2432 et
1214 2409 1359 2441 vergere⁷

982 2449 1047 2483 Ubi
1073 2458 1178 2481 meum
1206 2452 1255 2481 est
1281 2448 1435 2482 foramen.
