1655 2726
876 274 921 306 Π.

266 361 296 394 1.
311 359 440 401 Plange,
464 361 579 398 mater,
604 361 694 390 tuum
718 361 837 398 natum,
953 361 984 392 6.
999 359 1130 401 mange,
1155 356 1292 399 scribae,
1318 354 1482 396 pharisaei

314 406 369 439 Sui
394 407 479 440 servi
505 416 578 439 nam
603 409 755 439 vexatum
1000 406 1087 439 Mori
1111 404 1243 436 firmant
1267 407 1376 436 natum
1404 402 1467 435 Dei

361 454 481 487 Dicunt
507 464 526 487 a
552 454 730 487 daemonio.
1049 452 1191 492 Caiphae
1217 451 1364 485 concilio,

267 533 298 565 2.
313 531 444 573 Plange,
471 530 570 564 verba
595 530 758 570 pharisaei
954 530 985 562 7.
1001 529 1131 570 Plange‚
1162 530 1276 571 mater,
1304 531 1393 559 tuum
1417 529 1528 559 natum

309 579 415 612 Iesum
439 581 562 618 notant,
588 581 625 610 ut
645 582 720 619 post
745 579 774 611 ei
997 578 1097 611 Iudas
1122 576 1225 609 tradit
1252 578 1472 616 comparatum

358 626 540 660 Detrahant
562 626 704 660 innoxio.
1045 625 1136 658 Deno
1161 627 1213 656 ter
1239 624 1382 658 denario.

264 706 295 737 3.
310 704 441 744 Plange,
465 704 577 736 volunt
594 712 669 735 nam
692 703 806 736 Iudaei
951 703 983 736 8.
997 702 1128 746 Plange,
1162 702 1275 734 videns
1300 701 1412 734 urbem
1438 701 1562 741 plangit

309 751 473 791 Lapidare
496 754 605 784 natum
632 751 691 783 Dei
998 750 1099 790 Iesus,
1126 750 1221 782 velox
1247 750 1335 782 euius
1360 749 1450 790 angit

357 800 397 832 1n
422 800 662 841 gazophylacio.
1048 799 1110 832 Cor
1137 807 1196 831 sua
1223 798 1410 831 destructio.

263 877 295 910 4.
311 876 439 919 mange,
467 877 558 909 Iesus
583 875 640 908 fiet
663 886 773 910 amare
950 877 981 911 9.
997 877 1129 919 Plange,
1156 876 1245 908 Iesus
1273 877 1449 908 comeatum

310 924 460 956 Fratrem
471 924 624 957 Marthae
635 925 766 958 trahens
782 926 868 957 clare
997 926 1028 957 A
1049 928 1082 957 te
1104 924 1196 966 petit,
1221 932 1314 964 quem
1336 925 1534 966 prostratum

354 972 473 1005 Mortis
498 982 518 1005 a
543 973 692 1005 dominio.
1046 974 1115 1006 Tuo
1140 972 1272 1013 stringis
1296 971 1440 1005 brachio.

261 1051 292 1082 5.
308 1049 439 1089 Plange‚
459 1051 550 1083 Iesus
567 1049 712 1091 Ephrem
732 1051 866 1083 tendens
927 1048 982 1083 10.
998 1050 1129 1092 Plange,
1161 1050 1270 1083 Iesum
1300 1049 1558 1088 manducantem,

307 1097 359 1129 Ibi
384 1105 457 1129 suos
485 1098 578 1130 docet
603 1098 719 1130 cedens
999 1097 1129 1131 Sacram
1157 1106 1267 1129 cenam
1294 1097 1512 1129 celebrantem

354 1144 548 1178 1udaeorum
572 1146 657 1179 odio.
1046 1145 1171 1178 Grandi
1197 1154 1268 1176 eum
1293 1145 1458 1186 mysterio.

581 1222 636 1255 11.
651 1222 711 1254 Pia
734 1225 849 1263 mater,
874 1225 908 1253 te
932 1230 1072 1254 amemus

653 1270 738 1303 Onus
764 1270 939 1311 fratrisque
962 1273 1125 1309 portemus

701 1317 798 1351 Nullo
825 1327 896 1350 cum
919 1317 1033 1358 litigio.

859 1424 922 1458 III.

262 1500 294 1532 1.
309 1499 441 1541 Plange,
467 1500 557 1532 Iesus
583 1507 618 1530 se
643 1499 819 1538 prostravit
951 1500 1128 1541 6.Plange‚
1154 1502 1267 1542 mater,
1294 1504 1366 1533 tuus
1391 1503 1486 1533 natus

311 1546 357 1579 Et
381 1546 428 1578 sic
452 1547 552 1587 pedes
577 1546 643 1578 suis
668 1547 749 1579 lavit
997 1547 1076 1581 Suos
1103 1557 1193 1580 caros
1219 1550 1380 1582 osculatus

363 1594 404 1627 Et
429 1595 563 1628 extersit
586 1595 696 1627 linteo.
1045 1596 1086 1629 Se
1113 1597 1168 1629 dat
1192 1598 1304 1630 mortis
1326 1598 1462 1639 praelio.

261 1674 294 1705 2.
311 1672 443 1712 Plange‚
467 1674 566 1712 Iesus,
584 1674 754 1712 postquam
770 1673 866 1713 sedit,
951 1674 982 1705 7.
1000 1672 1129 1717 plange,
1156 1674 1247 1707 Iesus
1271 1676 1323 1707 ter
1348 1675 1463 1714 oravit,

308 1720 350 1752 Se
374 1720 408 1752 in
434 1721 539 1753 cibum
563 1720 655 1752 nobis
682 1720 774 1754 dedit
996 1721 1091 1754 Cuius
1119 1723 1240 1754 vultum
1267 1723 1454 1764 deturpavit

357 1768 479 1801 Ultimo
504 1768 659 1802 convivio.
1045 1769 1180 1811 Sanguis
1205 1771 1261 1802 leti
1287 1772 1406 1805 taedio.

266 1845 298 1878 3.
315 1846 447 1886 Plange‚
471 1848 585 1887 mater,
606 1845 704 1878 1udas
730 1846 821 1879 vadit
951 1846 982 1879 8.
996 1847 1128 1889 Plange,
1156 1849 1245 1882 Iesus
1269 1851 1406 1892 genitori

309 1894 355 1926 Et
378 1893 510 1927 Iudaeis
539 1894 645 1926 Iesum
671 1895 772 1928 tradit
998 1896 1039 1929 Se
1063 1906 1122 1937 pro
1146 1897 1239 1930 nobis
1265 1898 1358 1932 offert
1381 1899 1463 1933 mori

358 1941 579 1976 Fraudulento
605 1942 705 1975 basio.
1045 1946 1137 1979 Velle
1161 1946 1327 1980 viridario.

262 2022 295 2054 4.
310 2020 431 2061 Plange
455 2021 571 2061 Iesum,
597 2022 670 2060 post
696 2023 840 2053 cenatum
950 2021 980 2053 9.
996 2021 1127 2065 Plange,
1152 2025 1260 2057 Iesus:
1287 2035 1345 2058 nos
1371 2035 1491 2069 eamus,

309 2067 388 2100 Suos
415 2077 506 2101 caros
532 2071 608 2100 tunc
632 2067 776 2101 adfatum
994 2069 1066 2110 Eia,
1095 2072 1187 2114 dixit,
1214 2082 1420 2108 occurramus

358 2116 455 2149 Dulci
481 2126 551 2149 cum
578 2116 714 2157 eloquio,
1044 2120 1146 2153 Iudae
1171 2122 1343 2158 desiderio.

267 2194 298 2227 5.
314 2194 437 2234 Plange
461 2195 536 2227 Iesu
562 2194 674 2226 duram
698 2197 829 2237 sortem,
926 2196 1125 2241 10.Plange,
1150 2200 1241 2232 Iesus
1266 2200 1354 2234 humi
1379 2203 1512 2242 stratur,

310 2242 427 2274 Tristis
452 2252 552 2284 usque
578 2245 627 2274 est
651 2242 692 2274 ad
717 2245 853 2276 mortem
993 2246 1025 2278 A
1050 2247 1243 2289 Iudaeisque
1267 2249 1387 2290 lig-atur

356 2291 432 2323 Zelo
454 2292 556 2324 nostri
581 2291 689 2324 nimio.
1045 2295 1219 2329 Criminum
1244 2297 1371 2330 solutio.

582 2369 638 2402 11.
653 2367 712 2400 Pia
735 2370 849 2408 mater,
875 2369 1007 2411 gloriari

651 2416 718 2449 Nos
743 2417 776 2449 in
804 2425 897 2450 eruce
921 2422 953 2450 et
976 2420 1092 2453 laetari

696 2464 766 2499 Fac
790 2465 837 2497 tui
861 2466 1021 2509 suffragio.
