1655 2726
687 110 947 147 —203-

749 219 881 253 CXLII.

142 291 245 327 1325.
261 293 411 336 Domine,
440 295 556 328 exaudi
583 305 685 328 meam
843 298 946 331 1328.
963 298 1125 339 Obscuris,
1154 298 1267 341 Maria,
1295 297 1388 329 malis

260 341 443 384 Dignauter
469 343 659 385 orationem,
961 345 1070 378 Clausi
1094 355 1199 378 meum
1226 355 1281 378 cor
1306 354 1459 388 amarum,

261 390 471 431 Praecipiens
497 397 633 432 propter
659 401 728 425 eam
961 392 1025 425 Sed
1044 394 1161 434 salver,
1179 403 1253 435 spes
1270 393 1472 433 immortalis,

262 438 380 471 Matris
406 439 671 475 obsecrationem.
960 442 1070 474 Factis
1095 452 1245 475 manuum
1271 448 1406 475 tuarum.

142 515 246 550 1326.
263 516 526 550 Obsecrationem
553 519 638 557 piam
841 519 943 552 1329.
959 518 1099 550 Tuarum
1125 528 1247 551 memor
1272 519 1423 551 virtutum

260 563 417 597 Effundas
443 569 519 598 ante
543 564 653 609 filium,
960 569 1044 598 Ante
1069 571 1101 598 te
1125 571 1314 607 prosternor
1338 575 1469 609 pronus,

262 611 307 644 Ut
332 621 403 645 cum
429 614 584 646 laudante
607 614 747 647 Mariam
960 615 1005 647 Ut
1028 615 1128 647 vitale
1151 615 1232 647 mihi
1255 618 1381 647 scutum

261 660 334 693 Non
358 661 459 693 intret
482 662 515 693 in
541 662 706 696 iudicium.
957 661 1007 694 Sit
1031 663 1164 703 spiritus
1191 667 1263 695 tuus
1289 662 1400 697 bonus.

141 737 247 771 1327.
261 737 420 771 Iudicium
443 740 491 770 sic
517 740 651 779 cogitem
839 740 943 772 1330.
959 739 1065 772 Bonus
1090 738 1176 781 fiam,
1202 740 1321 772 bonum
1345 743 1462 781 secter⁷

260 786 324 819 Dei
350 796 410 826 per
434 792 467 818 te
492 788 579 819 vitae
606 789 700 824 curis,
955 787 1081 820 Tenens
1107 790 1152 820 tui
1179 789 1373 827 memoriam,

259 834 422 874 Quatenus
447 844 498 867 me
523 836 734 877 praecipitem
961 835 1024 877 Uti,
1052 836 1168 876 Maria,
1197 837 1340 869 delecter

257 882 332 915 Non
358 884 496 916 collocet
518 884 553 916 in
579 884 734 918 obscuris,
956 883 1075 915 Tecum
1100 884 1229 916 tandem
1247 894 1307 924 per
1325 886 1470 925 gloriam.

491 960 595 994 1331.
612 960 757 993 Gloriam
782 960 853 1000 tibi,
879 960 997 1000 Maria,

607 1008 719 1041 Debeo
748 1017 876 1048 semper
901 1008 1028 1049 offerre‚

605 1057 682 1089 Mea
710 1057 848 1098 ductrix,
875 1065 946 1088 mea
971 1058 1034 1094 via,

607 1105 703 1137 Cuius
730 1106 799 1137 laus
824 1104 857 1136 in
883 1103 962 1137 fines
988 1108 1103 1137 terrae.

716 1211 869 1244 CXLIII.

134 1289 237 1323 1332.
252 1289 449 1322 Benedictus
473 1289 688 1331 omnipotens,
835 1288 939 1322 1335.
955 1287 1108 1321 Sauciata
1130 1292 1207 1320 sunt
1227 1288 1316 1320 labia

251 1338 312 1378 Qui
337 1347 394 1371 nos
422 1338 517 1370 docet
542 1338 584 1370 ad
601 1338 771 1379 proelium,
952 1336 1133 1378 Loquentia
1157 1337 1371 1378 mendacium,

252 1388 316 1420 Per
341 1390 383 1429 te,
410 1386 528 1427 Maria,
555 1390 751 1427 praepotens
956 1385 1022 1418 Sed
1048 1385 1108 1428 his,
1136 1385 1226 1426 virgo
1252 1386 1406 1429 propitia,

252 1435 385 1467 Turbae
410 1438 533 1476 pavent
555 1435 733 1474 gentilium.
950 1433 1132 1474 Exstingue
1156 1431 1301 1466 flammas
1325 1433 1443 1467 litium.

133 1514 238 1547 1333.
256 1512 433 1545 Gentilium
461 1513 539 1545 dant
562 1512 675 1552 populi
832 1512 936 1545 1336.
952 1510 1070 1543 Litium
1100 1512 1232 1543 strinxit
1257 1519 1372 1552 aspero

253 1561 296 1594 Se
321 1561 422 1593 cultui
448 1561 621 1604 dominico,
948 1560 1005 1592 Me
1028 1560 1136 1592 vinclo
1160 1560 1274 1592 mundi
1299 1561 1437 1602 vanitas,

253 1610 319 1643 Per
343 1614 375 1642 te
401 1610 587 1650 magistram
613 1609 733 1641 saeculi
947 1609 985 1641 In
1011 1617 1073 1649 quo
1098 1617 1158 1649 per
1183 1613 1215 1640 te
1242 1609 1283 1640 de
1308 1612 1415 1641 cetero

253 1658 306 1691 Ex
331 1667 421 1690 more
448 1658 533 1691 docti
559 1658 706 1699 mystico.
950 1655 1167 1689 Flammescat
1190 1657 1266 1699 igne
1292 1658 1420 1691 caritas

132 1739 236 1771 1334.
252 1737 394 1776 Mystico
420 1735 656 1769 medicamento
832 1735 936 1768 1337.
953 1733 1078 1767 Caritas
1105 1738 1211 1766 autem
1237 1734 1357 1778 divina,

257 1785 380 1818 curans
406 1786 512 1817 carnis
539 1784 696 1827 contagia,
950 1782 1040 1815 Dans
1066 1782 1126 1815 tibi
1151 1783 1213 1815 Dei
1238 1781 1351 1824 filium,

252 1834 385 1874 Mentis,
411 1833 531 1876 Maria,
556 1836 728 1874 memento,
949 1830 1013 1863 Per
1035 1834 1069 1862 te
1093 1831 1198 1872 noim,
1224 1841 1244 1864 o
1269 1832 1392 1874 regina,

255 1883 343 1922 Quae
368 1881 466 1914 sorde
492 1885 599 1914 exstat
623 1881 743 1915 saucia.
952 1879 1057 1912 Vitale
1082 1879 1177 1912 tollat
1201 1880 1390 1920 praemium.

482 1959 585 1994 1338.
602 1959 785 1993 Praemium
796 1968 860 1991 non
872 1958 1009 1998 perdam
1019 1957 1117 1998 vitae,

598 2009 669 2041 Non
697 2009 821 2048 sapiam
848 2015 887 2038 ex
912 2014 997 2038 nunc
1022 2006 1099 2048 alta,

601 2056 665 2090 Sed
692 2056 906 2089 humilitatem
932 2056 1005 2098 rite,

597 2106 713 2149 Maria,
740 2113 844 2137 meam
871 2104 991 2136 exalta.

727 2210 875 2245 CXLIV.

130 2294 236 2328 1339.
251 2290 415 2324 Exaltabo
442 2293 475 2323 te
499 2290 651 2324 laudibus
829 2288 933 2323 1340.
949 2287 1465 2332 Languidurnprorsusfamulum,

249 2339 404 2381 Effugans
437 2340 561 2373 hostem
588 2339 767 2382 horridum,
950 2337 1152 2370 Gaudentem
1178 2337 1238 2369 tibi
1263 2337 1416 2379 psallere,

247 2390 367 2431 Maria,
395 2398 477 2430 quae
501 2388 675 2421 virtutibus
949 2385 1057 2426 Salva,
1084 2394 1125 2418 ne
1149 2394 1209 2426 per
1233 2385 1395 2426 piaculum

248 2438 391 2471 Salvasti
403 2439 557 2471 muudum
569 2437 767 2480 languidum.
952 2434 1046 2468 Vitae
1068 2435 1112 2467 sit
1137 2435 1229 2467 exsul
1253 2444 1396 2470 munere.
