1655 2726
762 143 1024 179 —160—

252 243 331 275 555.
347 242 513 275 Petentem
538 241 643 283 primo
668 240 812 280 reppulit

344 289 413 321 Nec
438 298 627 330 responsum
654 288 733 320 dans
759 287 855 330 filius,

343 337 491 370 Secundo
516 337 577 368 tibi
601 336 722 379 retulit,

342 385 433 425 Quod
458 387 591 426 negaret
615 384 700 416 hunc
725 383 853 423 impius.

248 464 326 496 556.
341 461 464 501 Impius
490 471 561 493 cum
586 460 756 504 gemitibus

340 509 446 549 Magis
473 510 597 542 instans
622 518 720 549 prece
744 508 803 541 tibi

341 557 434 590 Vidit
459 561 490 589 te
515 557 607 589 flexis
633 557 767 598 genibus

343 606 478 638 Placare
502 606 674 638 Dominum
700 605 773 637 sibi.

251 684 331 716 557.
346 682 397 715 Ibi
422 682 535 715 videns
562 685 594 714 te
618 682 815 722 linquentem

342 730 445 770 Super
470 732 574 763 altare
598 730 699 763 filium

339 779 390 811 Ac
416 779 456 810 de
481 789 539 811 ara
562 779 806 811 descendentem

342 826 470 867 Rogare
495 830 629 868 propter
652 827 796 867 impium.

248 905 327 937 558.
342 903 489 945 Impium,
512 903 630 946 Maria,
655 903 717 935 tibi

343 951 472 984 Salvum
504 953 594 985 Iesus
634 954 711 984 tunc
748 952 881 985 donavit

340 1000 437 1031 Teste
461 1001 536 1041 alio,
563 1001 617 1041 qui
642 1000 688 1032 ibi

342 1048 432 1081 Clam
458 1058 553 1081 orans
578 1049 648 1081 visa
672 1048 829 1083 narravit.

944 242 1024 274 559.
1039 240 1195 273 Narravit
1218 241 1310 272 miles
1335 239 1432 271 militi

1035 288 1136 328 Haeo,
1163 288 1278 330 Maria,
1305 287 1469 327 magnalia

1033 335 1217 376 Factusque
1242 343 1366 376 pauper
1392 334 1488 367 diviti

1036 383 1174 416 Consors
1199 385 1334 424 accepta
1354 381 1432 415 filia.

938 463 1018 495 560.
1032 460 1120 493 Filia
1144 460 1264 501 David,
1291 458 1409 499 Maria,

1033 508 1094 541 His
1126 508 1256 540 vitalem
1283 508 1364 540 dans
1389 507 1573 548 terminum,

1033 556 1088 589 Sic
1111 556 1155 588 sis
1180 555 1260 588 mihi
1284 555 1438 598 propitia,

1035 604 1089 636 Sic
1114 605 1225 644 places
1248 603 1328 635 mihi
1352 603 1537 639 Dominum.

939 683 1019 716 561.
1034 681 1206 715 Dominum
1232 682 1339 714 Iesum
1365 682 1546 723 spernimus

1034 730 1102 763 Nos
1129 732 1274 762 errantes
1298 733 1500 774 peccatoreS,

1033 778 1108 822 Sed,
1137 778 1276 819 domina,
1303 780 1337 810 te
1360 779 1511 822 petimus,

1031 827 1118 860 Huic
1135 825 1291 859 reformes
1309 829 1437 860 nostros
1455 837 1573 861 moreS.

940 906 1018 939 562.
1032 905 1155 946 Mores,
1186 914 1311 937 morum
1336 905 1525 946 sacrarium,

1032 953 1136 994 Meos,
1163 955 1277 995 mater,
1304 953 1353 985 sic
1378 955 1511 997 depara„

1033 1002 1126 1042 Quod
1151 1010 1245 1034 voces
1266 1001 1501 1035 incantantium

1033 1050 1108 1082 Non
1133 1059 1184 1082 me
1210 1050 1342 1082 trahant
1366 1052 1408 1084 ad
1435 1054 1570 1084 tartara.

589 1126 669 1160 563.
683 1126 823 1158 Tartara
845 1126 911 1158 iam
936 1126 1125 1168 confregisti

686 1174 765 1207 Cum
789 1173 943 1207 infernali
965 1175 1123 1217 principe,

685 1222 763 1264 Nos,
789 1222 907 1262 Maria,
933 1226 1037 1255 mater
1063 1224 1193 1268 Christi,

682 1270 713 1302 A
737 1271 850 1310 poenis
872 1270 983 1303 horum
1012 1272 1111 1312 eripe.

845 1356 963 1390 LVIII.

248 1425 328 1457 564.
341 1423 444 1463 Eripe
468 1433 530 1464 me,
558 1424 623 1456 dux
650 1424 813 1468 virtutum,

340 1471 390 1503 De
418 1471 574 1504 virtutum
598 1472 745 1516 inimicis,

344 1520 413 1552 Iter
438 1520 516 1552 mihi
540 1529 660 1561 parans
684 1523 798 1561 tutum,

342 1568 410 1600 Iter
435 1568 563 1600 termini
589 1567 706 1603 felicis,

251 1646 329 1678 565.
344 1644 548 1677 Felicissima
574 1646 713 1688 domina,

343 1692 426 1732 Quid
452 1692 557 1726 fecisti
584 1694 786 1735 presbytero,

342 1742 473 1774 Ferenti
496 1745 545 1774 tot
567 1742 742 1774 certamina

342 1789 380 1821 In
407 1798 543 1830 corpore
565 1789 759 1823 mortifero?

248 1868 327 1900 566.
343 1865 514 1899 Mortifero
539 1867 633 1907 lapsu
656 1867 767 1899 labens

340 1914 385 1947 Et
411 1923 566 1947 consensu
591 1918 623 1947 et
649 1925 746 1956 opere

344 1963 383 1995 In
408 1965 503 2004 teque
527 1973 616 1995 suam
638 1973 729 2004 spem
745 1964 878 2007 habens,

341 2012 389 2044 Te
413 2020 503 2051 spem
527 2012 612 2044 vidit
634 2012 668 2044 in
694 2021 837 2052 vespere.

247 2089 326 2122 567.
342 2088 500 2121 Pereunte
525 2088 651 2129 quidem
679 2097 726 2129 eo,

341 2136 457 2179 Maria,
481 2138 545 2169 iam
569 2137 603 2168 in
628 2138 770 2177 peccatis

343 2185 448 2217 Nocte
472 2185 611 2226 quadam
631 2185 741 2217 iuncta
765 2194 820 2218 reo

341 2234 446 2267 Carne
471 2242 549 2266 suae
572 2233 749 2275 voluptatis

250 2313 330 2345 568.
344 2312 526 2352 Voluptatis
552 2311 760 2353 amputatrix,

341 2360 420 2392 Mox
447 2364 573 2392 mutans
601 2359 764 2392 desideria

342 2408 492 2451 Salvasti‚
519 2409 605 2441 vitae
630 2408 796 2450 salvatrix,

341 2456 462 2489 Ambos
487 2467 507 2490 a
531 2457 720 2497 petulantia.

941 1426 1020 1459 569.
1036 1426 1220 1459 Petulantia
1246 1427 1386 1460 carnalis

1033 1474 1084 1506 Ex
1105 1477 1182 1506 tunc
1198 1475 1317 1515 linquit
1332 1477 1559 1518 presbyterum

1035 1523 1098 1555 Per
1123 1526 1166 1563 te,
1192 1523 1311 1566 Maria,
1339 1534 1357 1555 a
1380 1525 1475 1558 malis

1036 1572 1170 1603 Versum
1195 1571 1230 1603 in
1255 1572 1359 1604 virum
1384 1574 1533 1607 alterum.

1564 1503 1572 1520 ²

941 1649 1019 1681 570.
1033 1648 1180 1681 Alterum
1203 1658 1238 1681 se
1264 1649 1377 1682 videns
1402 1651 1524 1684 factum

1032 1696 1164 1729 Pridem
1189 1706 1310 1737 pronus
1335 1698 1493 1743 luxuriae,

1031 1746 1096 1778 Per
1120 1749 1154 1777 te
1176 1746 1272 1778 tersit
1295 1748 1408 1780 mortis
1434 1752 1541 1782 actum

1033 1793 1164 1826 Omnem
1188 1803 1207 1826 a
1231 1803 1292 1827 sua
1314 1793 1408 1830 facie.

939 1870 1144 1904 571.Faciei
1168 1874 1299 1904 sanctae
1322 1875 1397 1906 tuae

1033 1919 1179 1952 Intentus
1206 1918 1321 1961 factus,
1348 1922 1464 1968 Maria,

1032 1967 1225 1999 Psalterium
1251 1968 1358 2002 laudis
1383 1975 1456 2005 tuae

1033 2015 1108 2047 Tibi
1134 2019 1265 2051 cantans
1292 2017 1326 2050 in
1352 2029 1410 2061 spe
1433 2022 1500 2062 pia.

939 2093 1019 2127 572.
1031 2093 1093 2125 Pia
1117 2096 1172 2125 tua
1196 2094 1346 2136 suffragia

1032 2141 1238 2182 Implorando
1265 2145 1427 2189 continue,

1033 2188 1162 2222 Gratias
1187 2200 1285 2232 agens
1309 2193 1397 2228 labia

1031 2237 1106 2269 Tibi
1129 2239 1229 2271 movit
1253 2241 1393 2279 assidue,

937 2314 1018 2349 573.
1031 2314 1172 2348 Assidue
1198 2327 1233 2350 se
1257 2318 1459 2355 abscondens

1031 2365 1061 2396 A
1085 2365 1180 2398 turba
1204 2376 1263 2406 pro
1288 2371 1332 2411 te,
1357 2369 1476 2413 Maria,

1031 2412 1079 2444 Te
1102 2413 1135 2445 in
1161 2415 1232 2446 sinu
1257 2426 1314 2449 suo
1341 2419 1482 2451 condens

1031 2460 1155 2503 Mensa,
1182 2463 1277 2505 lecto,
1304 2465 1392 2506 sede,
1421 2467 1483 2501 via.
