1655 2726
708 106 962 143 -127-

739 203 933 240 Letania,

196 268 228 302 1.
243 269 358 310 Kyrie,
386 269 517 306 eleison,
545 270 685 308 Christo,

241 317 287 350 Et
310 318 374 350 iam
400 319 535 351 ostende
559 319 653 351 nobis
678 323 721 359 te,

289 365 340 399 Ne
364 367 547 399 tardaveris
571 368 720 407 amplius,

242 414 324 447 Post
347 415 489 455 psalmos
516 416 562 447 tui
590 416 778 456 psalmistae

241 462 350 496 David
376 468 472 504 atque
498 464 686 497 citharistae

290 510 371 544 Esto
397 511 490 544 nobis
516 513 676 554 propitius

242 559 418 592 Nobiscum
445 569 542 601 agens
568 561 686 600 mitius,

241 607 332 648 Quod
358 618 421 640 non
447 608 541 641 homo
567 610 673 642 adhuc
697 610 797 651 prius,

290 655 392 688 Nobis
417 657 563 689 omnibus
587 658 704 691 assiste

241 704 295 743 Et,
323 705 349 736 si
376 704 436 736 tibi
460 705 613 738 humilius

244 752 481 793 Supplieamus,
509 762 567 786 nos
594 754 687 786 eitius

288 800 457 834 Exaudias
482 801 600 834 tollens
625 802 731 836 triste.

194 868 201 874 ·
218 883 226 891 .
241 859 348 897 Pater,
375 858 469 891 nobis
495 859 659 899 miserere,

241 906 308 938 Fili
332 906 405 946 Dei,
434 910 465 939 et
490 908 622 940 medere

286 954 333 987 Et
358 953 506 988 conforta
529 965 598 997 nos,
625 957 780 997 spiritus3

239 1003 321 1035 Tres
345 1012 507 1044 personae
530 1005 609 1036 estis
634 1013 721 1047 vere,

242 1050 438 1091 Coaequales
461 1052 532 1084 sine
557 1051 636 1092 fere,

288 1098 379 1133 Unus
405 1098 493 1132 Deus
515 1099 734 1142 absconditus,

239 1147 385 1188 Simplex
411 1151 444 1179 et
467 1148 711 1190 incompositus,

237 1196 301 1228 Per
326 1204 419 1236 quem
437 1197 577 1229 mundus
596 1201 626 1229 et
645 1197 804 1239 conditus,

286 1244 333 1277 Et
352 1249 521 1278 moventur
544 1246 627 1278 caeli
656 1246 804 1287 spherae,

240 1293 318 1326 Sine
343 1302 404 1333 quo
430 1294 517 1326 idem
542 1294 673 1334 penitus

242 1341 312 1374 Oito
338 1344 449 1373 rueret
472 1341 619 1375 funditus

288 1388 361 1421 Non
388 1400 423 1422 se
448 1391 559 1423 valens
584 1391 755 1423 sustinere.

219 1472 226 1479 .
243 1447 360 1479 Sancta
386 1447 503 1489 Maria,
531 1449 679 1488 proxima

238 1495 284 1528 Et
306 1496 585 1529 immediatissima

288 1544 424 1576 Aeterni
452 1546 537 1586 regis
563 1546 654 1585 solio,

238 1591 315 1624 Sola
342 1592 613 1626 excellentissima

239 1639 277 1673 In
305 1641 403 1673 caelis
432 1645 464 1673 et.
490 1642 679 1682 dignissima

288 1689 414 1722 Corona
440 1695 473 1723 et
496 1691 643 1730 imperio,

237 1738 319 1770 Esto
349 1738 443 1771 nobis
468 1739 572 1779 tuitio,

239 1786 454 1827 Praesidium,
480 1788 640 1827 protectio

289 1835 410 1868 Contra
433 1835 547 1870 mundi
571 1837 769 1878 nequissima

236 1883 282 1916 Et
306 1892 364 1916 nos
391 1884 581 1917 commenda
605 1884 671 1917 filio

238 1932 367 1965 Utendo
394 1933 564 1975 privilegio

286 1982 415 2023 Matris,
442 1985 477 2014 ut
504 1982 572 2015 vult
593 1983 647 2016 lex
667 1984 798 2024 optima.

215 2076 223 2085 .
238 2049 358 2082 Sancte
380 2050 535 2092 michael,
561 2051 675 2083 inclite

235 2098 385 2131 Paradisi
415 2100 612 2140 praeposite,

287 2148 369 2181 Cum
394 2151 506 2181 sancto
532 2147 700 2181 salutifero

239 2196 317 2229 Cum
343 2197 533 2237 medicoque
560 2199 676 2230 comite

233 2245 343 2286 Atque
370 2246 556 2278 custodibus
583 2247 679 2287 vitae,

283 2294 343 2335 Qui
368 2294 462 2327 statis
490 2304 596 2328 coram
622 2304 751 2336 supero,

233 2343 287 2376 Ab
316 2344 428 2376 exsule
453 2343 585 2377 lutifero

232 2392 278 2425 Et
303 2402 322 2424 a
347 2401 404 2424 suo
430 2392 587 2432 pestifero

282 2442 448 2476 Conventu
472 2451 531 2475 nos
559 2442 676 2483 eripite

892 430 909 461 ΕΠ

939 274 1192 314 interventuque
1217 281 1356 313 propero

938 322 976 354 In
1003 323 1064 355 hoc
1088 322 1207 354 mundo
1233 320 1400 353 mortifero

987 369 1090 403 Nobis
1115 379 1225 403 omnes
1249 369 1438 402 succurrite.

915 426 1057 462 .Sancte
1081 428 1248 471 Iohannes,
1277 427 1382 468 gratia

938 475 1088 515 Baptista
1112 475 1234 508 Christi
1258 476 1401 516 praevia,

985 523 1031 555 Et
1054 523 1284 564 prophetarum
1313 525 1429 565 contio,

941 571 1000 610 Qui
1025 571 1139 604 salutis
1165 572 1337 611 praeconia

943 619 1046 652 Nobis
1072 628 1131 659 per
1156 618 1304 659 figuralia

985 667 1133 700 Dedistis
1159 667 1199 699 ab
1224 668 1328 708 initio,

942 716 1019 749 Cum
1047 716 1198 748 adiuncto
1225 716 1385 748 consortio

939 764 1203 797 Patriarcharum
1228 765 1288 796 hoc
1312 765 1366 805 pio

985 812 1114 845 Affectu
1140 816 1173 844 et
1196 815 1303 845 mente
1327 812 1382 853 pia

941 862 1122 903 Precamur,
1150 863 1185 892 ut
1208 859 1352 893 subsidio

940 910 1056 942 Vestro
1080 918 1120 941 ac
1143 909 1322 950 patrocinio

987 957 1191 990 Gaudeamus
1218 958 1280 989 hac
1306 957 1422 997 patria.

913 1042 920 1050 .
935 1012 1054 1047 Sancte
1078 1015 1187 1056 Petre,
1216 1023 1331 1054 expers
1358 1015 1423 1046 doli

934 1063 980 1096 Et
1011 1063 1153 1103 claviger
1178 1063 1236 1094 alti
1262 1063 1328 1102 poli

985 1112 1168 1153 ingressum
1196 1111 1276 1143 dans
1303 1110 1468 1153 agonistis,

938 1159 1100 1199 Discipuli
1127 1159 1273 1192 caelicoli

934 1207 981 1241 Et
1003 1216 1062 1240 vos
1087 1215 1198 1239 ornnes
1223 1208 1362 1247 apostoli

986 1256 1062 1288 Cum
1089 1256 1209 1288 sanctis
1236 1255 1454 1297 evangelistis,

936 1304 981 1337 Ut
1006 1304 1179 1346 credimus,
1205 1304 1290 1344 quod
1316 1302 1423 1336 fuistis

936 1352 1076 1386 Iuristae
1100 1352 1163 1385 Dei
1186 1352 1220 1383 in
1245 1352 1317 1384 istis

984 1401 1138 1433 Terrenis
1164 1400 1301 1432 subiecti
1327 1399 1399 1440 soli,

936 1448 991 1482 Sic
1015 1458 1075 1489 pro
1101 1449 1203 1491 nobis,
1233 1452 1267 1480 ut
1292 1447 1443 1489 scivistis,

936 1498 1027 1536 Quod
1055 1497 1196 1537 expedit,
1225 1501 1257 1529 et
1282 1497 1420 1537 vidistis,

986 1546 1084 1579 Orate
1109 1554 1195 1577 nunc
1221 1545 1380 1577 benevoli.

913 1604 1052 1638 ,Sancte
1078 1603 1252 1645 Stephane,
1280 1604 1455 1643 primatum

937 1652 1092 1693 Martyrii
1117 1652 1316 1685 rubricatum

983 1701 1110 1734 Tenens
1138 1700 1235 1733 effuso
1259 1700 1423 1742 sanguine,

935 1750 983 1782 Te
1010 1754 1042 1782 et
1066 1758 1192 1782 omnem
1212 1750 1394 1782 laureatum

936 1798 1119 1839 Martyrum
1145 1798 1276 1830 chorum
1303 1800 1466 1830 sacratum

982 1847 1170 1879 Excitamus
1196 1847 1392 1887 precamine,

937 1895 982 1929 Ut
1004 1896 1034 1928 in
1063 1895 1174 1927 mundi
1201 1896 1384 1935 certamine,

935 1943 1001 1978 Ubi
1026 1947 1176 1985 exempto
1202 1952 1330 1975 nemine

982 1993 1122 2033 Quisque
1147 1997 1247 2023 sentit
1269 2000 1304 2023 se
1327 1995 1488 2033 vexatum,

936 2041 1039 2074 Nobis
1065 2042 1172 2074 deleto
1199 2040 1333 2073 crimine

934 2090 1079 2124 Faciatis
1104 2090 1266 2122 iuvamine

983 2139 1088 2172 Deum
1115 2138 1226 2171 favere
1251 2141 1411 2180 pacatum.

913 2197 1055 2230 .Sancte
1080 2196 1225 2229 Martine
1250 2195 1369 2229 nobilis

933 2245 979 2279 Et
1005 2255 1135 2278 consors
1162 2245 1359 2278 venerabilis

984 2293 1176 2327 Pontificum
1204 2297 1236 2325 et
1263 2294 1429 2327 doctorum

935 2343 1057 2378 Cohors
1083 2341 1357 2385 inexpugnabilis,

935 2392 1074 2424 Vino-ens
1101 2395 1133 2423 et
1159 2400 1220 2423 non
1249 2391 1410 2425 vincibilis

981 2441 1155 2473 Beatorum
1179 2439 1416 2482 confessorum,
