1655 2726
744 114 1008 149 —168—

221 213 300 248 707.
319 213 432 245 Pacem
456 212 535 244 mihi
559 220 644 244 nunc
667 221 817 253 procura,

317 261 426 302 Virgo,
452 260 541 300 pacis
566 259 741 300 exordium,

317 309 367 342 Ne
391 308 501 340 mittar
525 307 576 339 ira
599 310 736 339 ventura

314 358 352 390 In
378 359 542 389 aeternum
565 355 759 388 incendium.

911 213 990 245 708.
1004 212 1193 245 Incendium
1220 222 1279 253 per
1305 215 1337 244 te
1365 212 1471 245 vivum

1005 259 1117 292 Divini
1142 270 1264 293 sumam
1290 260 1421 301 amoris,

1006 307 1074 346 Quo
1101 311 1248 340 cunctum
1274 309 1344 341 irae
1369 308 1523 340 motivum

1003 355 1172 387 Exuratur
1199 359 1232 388 et
1258 355 1414 389 rancoris

566 431 758 466 709-Horis
787 431 919 469 cunctiS,
945 431 1030 475 Iesu,
1058 431 1170 463 mortis

662 479 711 512 Sit
736 480 859 512 animus
887 488 1009 512 memor
1034 487 1133 518 meus,

661 527 724 559 Cur
749 537 807 559 rex
832 527 909 559 tulit
934 536 1061 559 crucem
1087 526 1182 559 fortis

657 575 722 607 Pro
748 576 885 615 homine,
912 575 1055 616 utquid,
1081 573 1199 608 Deus?

804 691 961 725 LXXIII.

917 779 996 812 714.
1011 778 1193 812 Mortificer
1217 780 1250 812 in
1277 779 1418 818 saeculo,

1010 828 1057 861 Ut
1081 829 1213 860 caelesti
1238 829 1304 861 vita
1330 828 1436 860 vivam

226 781 304 813 710.
320 779 453 823 thuid‚
480 779 579 820 Deus,
606 787 657 811 me
682 779 825 819 repellis,

321 829 403 868 Quia
424 828 552 867 plenum
580 828 643 860 scis
670 836 720 859 me
737 826 856 859 malis‘.³

318 876 444 917 Expers
471 875 566 916 fellis,
594 877 708 916 plenus
734 876 838 908 mellis

317 924 363 957 Es
389 928 433 964 tu,
458 923 546 956 Deus
572 924 770 957 immortalis.

222 1012 301 1045 711.
316 1011 466 1044 Mortalis
491 1012 553 1044 iam
581 1012 773 1054 recorderis,

317 1060 377 1099 Qui
402 1068 465 1092 non
491 1063 599 1099 potest
622 1069 686 1093 non
703 1069 851 1103 peccare,

314 1108 359 1139 Et
381 1109 508 1140 salvare
532 1117 583 1139 me
610 1107 751 1148 digneris

318 1157 420 1188 Preee
444 1158 518 1187 tuae
542 1156 654 1188 matris
682 1165 785 1190 carae.

223 1243 302 1274 712.
320 1242 401 1275 Care
425 1241 487 1273 sibi
512 1243 697 1275 vendicavit

319 1290 398 1329 Nos,
424 1290 526 1330 virgo,
552 1294 625 1322 tuus
649 1289 745 1331 filius,

321 1337 401 1370 Cum
425 1347 484 1378 pro
510 1338 603 1370 nobis
624 1337 781 1370 baiulavit,

322 1386 455 1419 Crucem
481 1386 558 1417 mali
583 1395 648 1419 non
674 1387 828 1421 conscius..

225 1473 305 1507 713.
322 1472 473 1505 Conscius
497 1473 651 1505 hactenus
678 1482 734 1513 ego

322 1521 384 1553 Per
409 1523 451 1564 te,
476 1521 569 1564 iusta,
595 1520 760 1562 iustificer,

321 1569 367 1601 Et
392 1577 490 1600 carne
514 1578 609 1609 quam
633 1578 716 1601 vane
741 1570 833 1611 dego,

322 1617 366 1650 Ut
391 1625 480 1649 mens
507 1618 604 1658 vivat,
631 1617 816 1651 mortificer.

1009 877 1056 909 Et
1080 877 1224 909 caritatis
1250 876 1378 909 vinculo

1010 924 1093 966 Dern
1121 925 1249 957 laudem
1278 925 1550 965 cotemplativam.

917 1013 957 1044 71
965 1013 996 1045 5.
1013 1012 1304 1052 Contemplativam
1329 1013 1465 1053 gloriam

1010 1061 1093 1093 Dem
1117 1061 1220 1099 vobis,
1246 1063 1350 1093 mater
1376 1064 1408 1092 et
1432 1060 1488 1101 fili,

1010 1109 1073 1140 Per
1098 1112 1239 1141 vestram
1256 1117 1381 1141 sacram
1399 1110 1547 1150 gratiam,

1010 1158 1098 1197 Quae
1120 1166 1235 1197 purum
1263 1157 1344 1190 facit
1368 1167 1408 1189 ex
1433 1159 1501 1192 vili.

916 1243 995 1277 716.
1010 1243 1062 1276 Ex
1086 1244 1208 1284 vilique
1232 1245 1309 1277 limo
1335 1243 1440 1277 factus

1011 1291 1065 1323 Sic
1090 1292 1207 1332 eligam
1233 1293 1377 1334 humilia,

1011 1339 1114 1381 Quod,
1138 1340 1257 1381 Maria,
1282 1342 1347 1374 mei
1371 1345 1464 1375 aetus

1012 1389 1076 1420 Per
1100 1390 1133 1419 te
1160 1389 1248 1430 digni
1275 1391 1339 1422 sint
1364 1391 1479 1431 gloria.

918 1475 997 1507 717.
1014 1474 1124 1507 Gloria
1149 1476 1219 1517 tibi,
1246 1477 1361 1521 Maria,

1010 1523 1151 1556 Materia
1175 1534 1292 1566 magna
1316 1526 1434 1568 laudis,

1012 1571 1100 1611 Quae
1123 1572 1264 1606 libenter
1287 1583 1365 1607 aure
1388 1576 1445 1615 pia

1012 1621 1066 1653 Ad
1094 1623 1127 1651 te
1154 1622 1328 1654 clamantes
1354 1624 1500 1658 exaudis,

809 1725 959 1759 LXXIV.

224 1808 303 1841 718.
320 1807 557 1847 Confitebimur,
586 1809 703 1850 Maria,

320 1857 431 1894 Facta,
459 1865 540 1896 quae
567 1857 607 1889 de
631 1860 664 1888 te
688 1858 833 1901 legimus,

322 1905 398 1936 Plus
422 1904 525 1936 milies
549 1905 739 1947 gratissima,

322 1953 423 1992 Quam
449 1952 557 1984 dicere
582 1952 767 1988 sufficimus.

228 2040 307 2072 719.
323 2039 516 2082 Sufficimus,
543 2040 684 2081 inquam,
711 2045 823 2085 mater,

323 2087 455 2120 Gratiae
480 2086 542 2119 fari
571 2088 703 2132 copiam,

323 2136 391 2175 Qua
414 2139 448 2167 te
474 2136 565 2168 dotat
586 2136 674 2168 Deus
700 2140 793 2178 pater

323 2185 462 2226 Propter
484 2188 627 2216 nostram
652 2185 805 2225 inopiam.

918 1813 996 1846 720.
1012 1813 1158 1854 Inopiam
1186 1823 1280 1855 quam
1307 1816 1400 1849 citius

1011 1862 1162 1894 Nostram
1187 1866 1219 1894 et
1245 1864 1442 1899 defectiones

1010 1909 1098 1942 Tuae
1124 1911 1240 1943 tollant
1266 1913 1402 1947 celerius

1011 1957 1165 1990 Salubres
1189 1962 1361 1994 orationes.

917 2044 996 2077 721.
1012 2044 1191 2086 Orationes,
1220 2047 1337 2089 Maria,

1010 2092 1174 2126 Admittas
1197 2099 1271 2128 ante
1295 2095 1396 2130 filium

1014 2141 1077 2174 Pro
1105 2143 1237 2185 cunctis,
1265 2146 1318 2186 qui
1343 2156 1441 2181 manu
1465 2151 1522 2191 pia

1013 2189 1114 2222 Nobis
1140 2196 1309 2230 praestant
1332 2197 1501 2232 auxilium.

573 2273 653 2305 722.
668 2272 832 2305 Auxilium
859 2283 981 2306 summe
1005 2279 1110 2309 sumat

667 2320 799 2353 Nomini
824 2325 878 2354 tuo
906 2323 1050 2365 devotus,

668 2370 734 2409 Quo
760 2370 793 2402 in
818 2380 946 2403 servum
972 2381 1024 2404 me
1047 2379 1189 2408 resumat

667 2418 731 2451 Per
756 2422 788 2451 te
812 2420 903 2452 Iesus
929 2420 1000 2452 orbi
1025 2426 1129 2456 notuS.
