1655 2726
752 136 988 172 ,221-

247 233 278 266 7.
304 233 386 274 Ave,
411 242 471 274 per
495 243 589 275 quam
615 235 801 268 destitutum

302 281 454 314 Visitavit
477 291 535 315 rex
561 283 713 316 virtutum

302 330 455 362 Ventrem
480 331 605 363 intrans
622 332 834 374 impollutum,

302 377 354 410 Ne
376 378 441 411 iam
467 378 619 420 frangant
642 380 825 413 restitutum

298 425 415 459 Mundi
438 427 531 466 later,
562 428 666 460 carnis
691 429 803 470 lutum,

346 474 444 507 Palea
469 476 648 515 superbiae.

266 578 274 585 .
301 554 381 591 Ave,
407 560 526 593 sponsa
549 554 618 593 regi
645 562 728 593 cara,

301 599 457 640 Princeps
473 601 577 639 gentis
596 604 725 634 nostrae
742 601 832 643 Sara,

300 648 396 680 Cuius
420 649 529 688 proles
552 649 606 680 hic
630 649 662 680 in
689 658 746 681 ara

300 695 410 729 Crucis
435 704 532 735 passa
555 699 604 728 tot
627 705 737 729 amara

299 742 379 776 Suos
404 744 510 784 pascit
534 753 574 778 ex
600 745 768 785 praeclara

343 791 460 824 Mensa
485 793 589 825 carnis
614 793 777 834 propriae.

239 869 270 902 9.
296 869 376 907 Ave,
402 871 500 910 terra,
528 868 616 901 cuius
640 867 763 901 fructus

213 1184 268 1216 10.

210 1500 263 1532 11.

206 2010 261 2042 12.

298 915 429 948 Sursum
457 916 553 948 caelis
580 920 629 948 est
653 917 812 959 inductus,

293 963 391 1004 Fugit
417 964 518 1004 dolor,
545 964 631 996 cedit
654 965 770 1005 luctus,

298 1010 374 1043 Cum
402 1012 548 1044 caelest-is
573 1013 790 1052 aquaeductus

293 1059 429 1091 Fontem
452 1058 588 1101 profert,
616 1060 703 1093 cuius
721 1063 829 1093 ructus

341 1106 500 1139 Mundum
526 1108 630 1147 replet
654 1108 766 1149 gloria.

297 1185 376 1219 Ave,
403 1187 506 1215 mater
530 1184 710 1224 salvatoris,

296 1232 344 1263 Te
369 1232 437 1263 13115
464 1233 557 1264 decet
575 1233 679 1265 nostri
703 1233 777 1276 oris,

295 1280 383 1317 Quae
401 1280 578 1312 mendicum
598 1283 733 1312 stantem
748 1279 828 1312 foris

295 1326 425 1358 Sursum
451 1326 552 1360 infers
579 1328 660 1359 caeli
687 1328 802 1371 choris,

296 1375 372 1407 Cum
397 1376 430 1407 in
456 1378 528 1407 ortu
552 1376 627 1407 novi
651 1375 739 1408 floris

339 1422 432 1455 Nova
456 1422 536 1455 facis
561 1424 676 1456 omnia.

290 1500 371 1539 Ave,
397 1500 495 1542 virgo,
521 1509 602 1540 quae
625 1502 808 1533 sanctorum

291 1547 390 1579 Iubar
414 1548 502 1587 paris
526 1548 590 1580 viri
614 1548 741 1580 thorum

338 1596 375 1627 In
403 1595 519 1627 delicto
545 1596 701 1636 nesciens,

292 1642 378 1675 Fons
392 1644 545 1684 signatus,
562 1642 635 1676 fons
649 1644 824 1681 hortorum,

290 1690 341 1722 De
366 1700 426 1731 quo
452 1691 533 1723 bibit
558 1692 741 1732 angelorum

339 1739 462 1772 Chorus
487 1747 613 1779 semper
637 1740 760 1780 sitiens,

337 1787 387 1819 De
412 1787 499 1818 caelo
524 1787 712 1827 suscipiens,

292 1836 389 1876 Quem
413 1834 560 1874 profudit
584 1836 671 1867 sinus
695 1836 809 1878 patris,

292 1883 388 1924 Virgo
414 1886 504 1914 tenes
530 1892 644 1915 nomeu
669 1884 791 1925 matris,

337 1931 454 1964 Matris
479 1940 558 1971 opus
583 1932 739 1964 nesciens.

288 2009 369 2048 Ave,
395 2008 447 2040 via
472 2008 633 2048 puritatis,

288 2057 352 2089 Per
376 2065 466 2096 quam
498 2056 584 2087 venit
609 2056 786 2095 desperatis

337 2104 498 2136 Promissa
522 2104 714 2144 redemptio,

288 2152 408 2185 Fracta
433 2152 560 2193 quidem
585 2152 675 2184 Evae
698 2153 776 2184 ratis

288 2201 355 2234 Nos
379 2201 414 2232 in
439 2201 531 2232 huius
556 2202 757 2240 tempestatis

335 2249 498 2281 Demersit
521 2247 701 2290 naufragio,

339 2297 402 2330 Sed
429 2297 487 2330 sub
513 2297 626 2329 stellae
650 2296 742 2329 radio

287 2345 381 2378 Mare
405 2345 523 2378 transit
547 2354 623 2385 gens
645 2345 782 2388 novella,

289 2394 466 2427 Pharaonis
493 2395 574 2427 duce
598 2393 693 2426 stella

336 2442 508 2477 Subtracta
531 2443 677 2484 imperio.

908 233 964 267 13.
992 235 1073 274 Ave,
1099 242 1159 274 per
1183 242 1277 274 quam
1304 234 1354 265 est
1382 232 1528 264 exortum

990 281 1113 314 Lumen
1137 282 1245 323 rectis,
1274 282 1361 313 cuius
1387 282 1493 311 ortum

1039 329 1197 363 Petebant
1219 331 1252 363 in
1279 328 1420 362 tenebris

988 377 1062 420 Hic,
1090 378 1144 419 qui
1168 387 1227 419 per
1247 382 1280 410 te
1295 376 1376 410 lucis
1393 377 1521 416 portum

989 425 1071 458 Sunt
1093 427 1229 466 ingressi
1247 429 1320 467 post
1337 425 1520 464 absorptum

1037 474 1132 506 Virus
1158 474 1272 515 culpae
1297 472 1450 513 funebris,

1035 522 1104 554 Nec
1129 522 1233 555 carnis
1258 521 1420 555 illecebris

986 569 1115 602 Florem
1142 570 1200 602 tibi
1228 571 1290 603 5015
1317 571 1486 607 extortum,

986 617 1065 650 Cum
1090 619 1224 651 intravit
1249 618 1368 651 ventris
1395 617 1520 649 hortum

1032 666 1133 708 Virga
1158 667 1245 699 caelo
1272 666 1417 699 celebris.

902 724 956 758 14.
983 725 1064 765 Ave,
1079 733 1138 764 per
1151 733 1246 764 quam
1262 722 1517 765 gemmalimum‚

898 1214 953 1247 15.

984 772 1103 805 Factor
1128 781 1217 815 opuS‚
1245 782 1386 805 summus
1411 771 1508 804 imum

1028 820 1144 853 Erexit
1171 820 1211 852 de
1235 824 1387 863 stercore,

982 867 1029 901 Ut
1052 869 1117 900 iam
1142 872 1253 908 regnet
1279 870 1363 900 sicut
1377 868 1515 908 primum

982 915 1125 956 Dragma
1137 917 1287 956 squalens
1298 917 1386 949 intra
1397 914 1518 958 fimum,

1031 963 1191 1005 Corrupta
1214 964 1272 996 sub
1298 964 1415 996 arbore

1030 1012 1129 1044 Pleno
1154 1015 1282 1052 gestans
1307 1016 1439 1052 pectore

982 1059 1122 1092 Verbum
1149 1060 1234 1092 vitae
1258 1060 1436 1092 breviatum

983 1106 1045 1139 Ceu
1071 1108 1262 1148 prophetam
1286 1108 1488 1140 incurvatum

1030 1156 1092 1188 Pro
1118 1156 1262 1188 defuncti
1287 1165 1432 1198 corpore.

978 1213 1059 1256 Ave,
1089 1213 1176 1245 0111115
1202 1222 1263 1253 ope
1288 1212 1374 1245 freta

982 1261 1143 1294 Servitute
1166 1261 1231 1293 iam
1257 1263 1415 1302 completa

1027 1308 1119 1341 Nova
1143 1311 1304 1349 generatio

978 1356 1102 1389 Munda
1126 1358 1242 1389 transit
1266 1358 1377 1390 muudi
1401 1357 1497 1400 freta,

980 1404 1079 1444 Quam
1106 1405 1241 1437 decursa
1261 1407 1348 1438 vitae
1371 1411 1458 1438 meta

1026 1452 1121 1485 Lucis
1148 1454 1235 1492 capit
1258 1454 1357 1495 regio,

1025 1500 1089 1533 Sub
1117 1500 1230 1534 Heliae
1254 1502 1353 1541 pallio

978 1548 1040 1580 Per
1065 1550 1234 1582 Iordanem
1259 1550 1286 1582 it
1308 1551 1478 1595 propheta,

979 1596 1054 1629 Cum
1080 1601 1112 1628 te
1140 1598 1220 1630 duce
1243 1600 1398 1632 mundum
1419 1601 1507 1633 laeta

1023 1644 1143 1678 Nostra
1165 1646 1282 1679 transit
1307 1648 1424 1681 contio.

894 1704 948 1736 16.
974 1703 1054 1743 Ave,
1082 1712 1141 1743 per
1165 1713 1259 1744 quam
1285 1714 1325 1738 ex
1349 1704 1479 1739 inferno

897 2252 950 2285 1¹7.

976 1751 1082 1783 Meam
1107 1752 1222 1785 missus
1250 1753 1290 1786 de
1314 1763 1454 1794 superno

1026 1799 1192 1833 Liberavit
1213 1802 1361 1843 animam,

978 1848 1075 1886 Quam
1101 1850 1264 1888 praevidit
1286 1851 1326 1883 ab
1353 1855 1497 1893 aeterno,

978 1896 1036 1936 Qui
1058 1903 1232 1937 praecepto
1255 1908 1292 1931 se
1316 1903 1453 1941 paterno

1025 1945 1113 1977 Patri
1141 1944 1220 1978 fecit
1243 1948 1416 1983 victimam.

1024 1992 1196 2034 Dragmam
1234 2004 1392 2035 quaerens
1426 1998 1514 2031 deci-

1280 2054 1365 2078 mam

978 2088 1019 2121 Se
1043 2090 1101 2122 sub
1128 2094 1212 2124 testa
1236 2093 1292 2126 lux
1317 2094 1467 2137 includit,

977 2136 1031 2169 Sic
1054 2139 1179 2171 inclusa
1202 2141 1259 2174 lux
1285 2143 1431 2176 excludit

1021 2186 1171 2228 Mortem,
1185 2190 1322 2231 lapsum,
1334 2191 1512 2227 lacrimam.

977 2255 1055 2294 Ave²
1081 2263 1142 2295 per
1167 2264 1261 2296 quam
1287 2257 1447 2291 retributa

978 2302 1051 2335 Vita
1075 2304 1171 2344 redit,
1199 2312 1269 2335 cum
1295 2304 1410 2339 induta

1025 2351 1154 2383 Virtute
1177 2352 1326 2384 altissimi

976 2398 1096 2432 Natum
1122 2400 1210 2440 paris
1233 2399 1413 2446 impolluta,

976 2448 1041 2480 Per
1065 2457 1158 2488 quem
1184 2448 1287 2488 possit
1313 2449 1469 2484 destituta
