1655 2726
221 245 263 278 17

220 515 275 549 18.

754 151 992 188 -39-

268 273 276 280 .
305 246 520 288 Confitemini,
530 249 614 288 quod
626 249 747 282 sanctis
753 259 845 282 sanc-

612 297 638 328 ti

301 343 468 384 Estvirgo,
476 307 730 385 utcedrusfignis
738 346 844 388 altior,

303 391 389 424 Prae
408 392 531 423 cunctis
544 392 578 424 in
594 393 682 425 caelo
695 394 843 437 rutilans,

302 440 357 472 Ad
378 440 463 472 latus
491 440 613 472 Christi
638 441 790 476 iubilanS.

302 516 399 549 Beati
423 516 633 562 immaculati,

303 563 365 603 Qui
390 565 425 596 in
450 565 503 597 via
528 566 608 607 legis
634 565 819 610 proficiunt,

299 612 331 644 A
355 612 465 645 Maria
489 617 565 646 sunt
589 615 698 655 amati,

301 660 336 693 Si
361 671 426 695 non
451 670 512 701 per
539 662 634 695 devia
660 662 825 699 deficiunt.

295 738 452 771 Retribue
477 739 557 771 mihi
581 740 762 782 magnifica,

300 787 325 820 Ο
354 787 435 820 caeli
462 788 575 829 regina
602 789 728 832 deifica,

300 836 363 869 Pro
389 836 488 869 laude
512 839 569 869 tua
593 838 730 871 mirifica

299 884 356 917 Me
381 887 495 919 sancta
521 886 587 918 vita
613 886 750 919 vivifica.

297 962 419 1003 Legem
443 971 529 1001 pone
553 966 586 994 et
609 964 808 997 intellectum

297 1010 350 1043 Da
375 1010 465 1051 mihi,
492 1015 529 1044 ut
553 1011 602 1043 sic
626 1012 803 1053 proficiam,

297 1060 323 1092 O
350 1060 451 1101 virgo,
479 1060 522 1091 sis
549 1060 628 1092 mihi
650 1061 822 1104 obiectum,

297 1108 335 1140 In
359 1107 443 1140 bono
468 1116 510 1139 ne
537 1107 695 1143 deficiam.

297 1186 425 1218 Memor
450 1187 529 1225 esto,
557 1186 640 1217 cella
659 1187 749 1219 verbi
766 1187 838 1232 Dei,

300 1234 389 1273 Quae
414 1233 487 1265 luce
513 1234 632 1266 clarior
658 1244 691 1267 es
719 1236 794 1277 diei,

298 1282 345 1315 Ut
370 1282 418 1314 sic
442 1282 548 1322 gratia
573 1292 624 1314 me
651 1283 805 1328 vivifices,

295 1331 387 1370 Quod
413 1331 477 1362 mei
502 1340 604 1371 opera
628 1331 797 1368 rectifices.

261 1434 268 1440 .
295 1408 479 1440 Bonitatem
507 1407 623 1448 fecisti,

292 1457 317 1490 Ο
345 1457 446 1499 virgo,
475 1455 577 1489 filium
601 1459 805 1497 procreando

293 1505 339 1537 Et
364 1504 484 1537 mundo
510 1505 690 1537 subvenisti

294 1553 398 1586 Nobis
424 1553 562 1594 gratiam
588 1554 805 1594 impetrando,

290 1630 422 1664 Defecit
448 1631 555 1663 anima
581 1641 661 1671 mea,

293 1681 317 1713 O
345 1680 462 1723 Maria,
491 1680 535 1712 sis
560 1690 621 1720 pro
648 1689 695 1720 ea,

295 1729 402 1770 Super
427 1737 537 1760 omnes
564 1733 596 1760 te
621 1730 758 1770 imploro

292 1779 329 1811 In
355 1778 417 1810 hoc
441 1778 575 1821 mundo,
603 1787 665 1819 quo
690 1779 814 1813 laboro.

293 1864 460 1906 Quomodo
488 1865 588 1898 dilexi
614 1866 728 1911 legem,

292 1914 364 1946 Nisi
381 1922 441 1955 per
455 1916 498 1956 te,
516 1914 618 1955 virgo,
636 1915 835 1947 instructus?

289 1962 375 1995 Dum
402 1962 487 1995 exivi
512 1962 575 1995 Dei
605 1972 745 2005 gregem,

290 2011 367 2044 Sum
393 2015 449 2043 tua
474 2012 580 2052 gratia
605 2013 768 2045 reductus.

288 2099 421 2140 Iniquos
446 2099 520 2131 odio
546 2099 645 2131 habui

289 2148 335 2180 Et
359 2148 402 2181 ad
428 2151 471 2188 te,
500 2147 599 2192 virgo,
628 2148 705 2191 abii,

289 2196 374 2229 Dum
402 2205 420 2228 a
446 2197 558 2228 mundi
585 2195 718 2230 fallacia

289 2245 346 2278 Me
371 2245 502 2278 traxisti
527 2246 643 2286 gratia.

290 2332 460 2366 Mirabilia
485 2333 672 2365 testimonia

292 2381 375 2414 Sunt
389 2382 430 2415 de
439 2385 482 2423 te,
497 2391 515 2414 o
525 2382 627 2425 virgo,
645 2382 727 2414 caeli
736 2382 834 2425 scala,

291 2430 376 2463 Nam
402 2439 479 2463 vere
503 2431 612 2463 omnia
639 2431 809 2464 daemonia

292 2480 405 2513 Vincis
432 2483 465 2512 et
489 2481 588 2513 totius
607 2480 720 2513 mundi
736 2480 834 2514 mala.

952 251 974 284 i.

917 695 973 727 19.

918 965 975 999 20.

913 1187 968 1220 21.

909 1410 965 1441 22,

910 1633 966 1665 23.

908 1868 964 1899 24.

906 2101 963 2133 25.

908 2336 964 2368 26.

1002 251 1146 285 Clamavi
1171 251 1205 283 in
1230 254 1298 283 toto
1324 251 1423 285 corde

1000 300 1129 341 Ubique
1153 302 1313 332 terrarum
1338 300 1416 332 orbe

999 348 1054 380 Ad
1079 352 1121 388 te,
1149 348 1249 389 virgo,
1276 348 1449 380 tribulatus

998 396 1044 428 Et
1069 405 1128 437 per
1153 400 1185 428 te
1210 406 1279 428 sum
1305 397 1470 429 liberatus.

965 497 972 505 .
999 472 1167 513 Principes
1191 474 1354 513 persecuti
1378 477 1462 514 sunt,

999 521 1083 560 Quos
1109 521 1199 561 virgo
1224 525 1327 554 mater
1352 523 1480 563 amavit,

997 568 1043 600 Et
1067 577 1136 601 eam
1162 570 1264 601 secuti
1289 573 1373 612 sunt,

999 617 1084 656 Quos
1110 617 1215 658 gratia
1239 627 1298 650 sua
1321 619 1458 654 vocavit.

997 694 1051 727 Ad
1064 694 1247 735 Dominum,
1264 704 1334 727 cum
1349 696 1533 739 tribularer,

1305 744 1441 777 clamavi

996 790 1043 823 Et
1053 793 1190 823 matrem
1203 791 1359 833 virginem
1374 793 1532 835 invocavi,

998 839 1052 871 Sic
1077 848 1147 872 sum
1171 848 1247 872 vere
1274 841 1455 873 consolatus

997 888 1033 920 ln
1060 888 1121 920 hoc
1144 889 1263 920 mundo
1290 889 1507 922 contristatus.

1002 964 1124 997 Levavi
1149 965 1269 1006 oculos,
1296 969 1330 997 ut
1355 966 1464 998 veniat

995 1013 1090 1055 Mihi,
1116 1013 1216 1053 virgo,
1244 1022 1263 1044 a
1287 1016 1320 1045 te
1345 1014 1509 1058 auxilium,

996 1061 1048 1100 Et,
1076 1061 1139 1093 nisi
1164 1061 1269 1102 gratia
1294 1062 1474 1104 subveniat,

995 1109 1087 1141 Tunc
1111 1109 1164 1141 ibo
1190 1109 1222 1140 in
1250 1110 1408 1145 exsilium,

994 1185 1149 1218 Laetatus
1163 1195 1230 1217 sum
1242 1195 1302 1226 pro
1312 1186 1361 1218 his
1372 1190 1404 1218 et
1412 1196 1471 1227 pro
1482 1197 1518 1220 eo
1526 1212 1533 1226 ‚

994 1235 1084 1274 Quod
1096 1233 1203 1266 Maria
1218 1235 1306 1275 virgo
1321 1238 1371 1266 est
1384 1244 1454 1267 cum
1464 1236 1534 1269 Deo

996 1282 1034 1314 In
1062 1283 1155 1315 domo
1182 1282 1260 1324 eius,
1288 1292 1349 1323 qua
1375 1293 1433 1316 nos
1458 1285 1536 1317 laeti

993 1330 1191 1363 Intrabimus
1219 1331 1287 1362 dati
1312 1331 1423 1371 quieti.

993 1409 1047 1441 Ad
1073 1412 1105 1440 te
1131 1408 1237 1440 levavi
1262 1409 1382 1449 oculos,

994 1457 1019 1490 O
1045 1458 1146 1499 virgo,
1174 1457 1282 1488 cordis
1309 1466 1379 1488 cum
1405 1457 1530 1499 affectu,

992 1505 1039 1538 Ut
1063 1505 1127 1537 mei
1151 1505 1277 1545 peccati
1302 1506 1424 1538 rotulos

992 1554 1108 1586 Facias
1136 1554 1238 1585 deleri
1265 1562 1336 1585 cum
1363 1553 1487 1588 effectu.

994 1632 1067 1665 Nisi
1093 1631 1169 1672 quia
1196 1631 1350 1664 Dominus
1376 1635 1447 1664 erat

992 1681 1030 1713 In
1047 1684 1090 1724 te,
1110 1689 1128 1712 o
1147 1680 1248 1723 virgo,
1266 1680 1300 1712 in
1315 1689 1409 1721 quam
1422 1684 1533 1721 sperat

991 1729 1108 1770 Homo,
1134 1729 1175 1761 ab
1199 1729 1292 1760 hoste
1319 1729 1492 1762 devoratus

990 1778 1090 1811 Esset
1115 1781 1147 1809 et
1169 1786 1246 1810 vere
1272 1778 1473 1818 desperatus,

992 1865 1054 1905 Qui
1084 1863 1250 1897 confidunt
1274 1865 1308 1896 in
1333 1868 1390 1897 tua
1416 1866 1531 1909 gratia,

992 1915 1017 1948 O
1043 1915 1161 1956 Maria,
1185 1913 1402 1954 exsultabunt,

992 1963 1074 2003 Quia
1098 1967 1154 1994 tua
1180 1961 1327 1994 efficacia

993 2011 1114 2045 Contra
1138 2011 1247 2043 hostes
1272 2010 1531 2051 triumphabunt.

991 2100 1029 2132 In
1055 2098 1273 2132 convertendo
1299 2107 1407 2130 sumus
1433 2098 1514 2131 facti

989 2150 1020 2181 A
1045 2147 1172 2189 peccati
1196 2147 1309 2187 poenis
1335 2147 1415 2179 tacti

989 2197 1055 2229 Per
1078 2200 1121 2237 te,
1149 2205 1167 2228 o
1194 2195 1295 2236 virgo,
1323 2196 1479 2229 consolati

989 2245 1034 2278 Et
1059 2244 1101 2278 ad
1125 2243 1253 2277 veniam
1279 2245 1395 2278 vocati.

991 2333 1065 2366 Nisi
1089 2331 1248 2366 Dominus
1275 2333 1476 2377 custodierit,

991 2380 1150 2415 Hostibus
1175 2390 1285 2413 sumus
1310 2382 1443 2424 redditi,

991 2431 1037 2464 Et
1061 2431 1089 2463 si
1113 2439 1173 2472 pro
1198 2430 1292 2463 nobis
1309 2440 1374 2464 non
1391 2432 1534 2466 audierit

990 2480 1038 2514 Te
1062 2482 1209 2521 matrem,
1235 2489 1344 2513 sumus
1368 2482 1500 2522 perditi.
