1655 2726
565 635 591 667 6.
621 634 786 667 Rosarium
805 635 922 667 beatae
942 636 1062 667 Mariae
1084 636 1117 668 V.

575 726 600 759 Ο
625 726 742 770 Maria,
768 724 887 758 florens
914 735 997 767 rosa,

625 773 706 806 Prae
731 774 876 806 omnibus
902 774 1013 815 electa,

573 823 680 855 Mater
706 822 824 855 Christi
851 822 1006 866 speciosa,

620 870 789 903 Rosarium
813 870 875 903 hoc
898 874 1043 911 accepta.

822 966 849 1000 I.

192 1045 222 1079 1.
251 1044 363 1085 Quem,
391 1045 482 1085 virgo
509 1053 622 1077 carens
650 1044 727 1076 vitio
885 1045 915 1076 6.
944 1043 1040 1082 Quem
1067 1053 1182 1085 magno
1208 1045 1352 1085 tripudio

296 1092 347 1125 De
371 1090 500 1124 flamine
527 1092 713 1135 concepisti,
991 1093 1107 1132 Angeli
1133 1094 1346 1126 laudaverunt

248 1140 333 1172 Dum
361 1139 505 1173 Gabrieli
531 1141 643 1172 nuntio
945 1139 1124 1180 Pacemque
1150 1150 1220 1173 cum
1245 1142 1362 1182 gaudio

296 1189 486 1222 Humillime
512 1187 713 1222 consensisti.
990 1188 1027 1220 In
1053 1189 1150 1221 terris
1176 1189 1372 1223 cecinerunt.

185 1279 218 1313 2.
247 1277 315 1317 Quo
340 1278 564 1319 impraegnata
590 1276 683 1308 citius
885 1277 915 1309 7.
943 1276 1042 1316 Quem
1068 1276 1262 1309 salvatorem
1289 1277 1428 1309 omnium

295 1326 471 1367 Cognatam
497 1325 637 1357 visitasti
989 1324 1142 1357 Pastores
1168 1327 1378 1365 agnoverunt,

250 1374 489 1415 Iohannemque
515 1374 652 1406 celerius
942 1371 1027 1405 Dum
1052 1372 1086 1404 in
1108 1374 1279 1414 praesaepi
1304 1373 1477 1406 Dominum

295 1423 418 1455 Ventre
442 1421 663 1455 sanctificasti.
990 1421 1152 1453 Iacentem
1178 1421 1381 1456 invenerunt,

188 1513 219 1544 3.
248 1510 349 1550 Quem
376 1510 508 1542 civitate
532 1510 720 1543 Bethlehem
882 1509 912 1542 8.
939 1508 1035 1541 quta
1060 1509 1157 1541 ritum
1182 1508 1321 1542 hominis

297 1559 465 1591 Laetando
490 1559 629 1601 genuisti
991 1559 1109 1591 Passus
1136 1558 1409 1590 circumcisionem

249 1606 363 1648 Neque
385 1607 528 1640 dolorem
554 1608 692 1649 aliquem
940 1605 1054 1639 Dulcis
1078 1606 1154 1639 Iesu
1180 1607 1316 1639 nominis

298 1655 467 1697 Gignendo
490 1655 664 1697 pertulisti.
990 1654 1088 1696 Cepit
1109 1655 1359 1696 impositionem.

191 1745 224 1777 4.
252 1743 352 1783 Quem
378 1744 463 1785 regis
489 1743 596 1777 David
622 1752 739 1785 genere
884 1744 915 1776 9.
944 1742 1005 1782 Qui
1031 1752 1051 1775 a
1075 1742 1179 1775 tribus
1206 1743 1334 1783 regibus

297 1792 379 1826 Mox
402 1795 514 1825 natum
539 1792 684 1826 adorasti
988 1790 1169 1824 Ferventer
1193 1791 1349 1824 adoratur

248 1841 300 1873 Ac
323 1841 504 1883 vagientem
528 1840 629 1874 ubere
942 1839 1134 1881 Magnisque
1157 1840 1343 1872 muneribus

294 1890 447 1932 virgineo
472 1890 613 1923 lactasti.
988 1888 1151 1921 Decenter
1177 1892 1359 1921 veneratur.

190 1979 222 2012 5.
249 1977 349 2018 Quem
373 1978 490 2020 pannis
517 1979 549 2010 et
572 1976 683 2011 fasciis
886 1977 940 2011 10.
969 1976 1070 2016 Quem
1098 1975 1150 2008 die
1175 1976 1421 2017 quadragesima

298 2026 513 2059 Constrictum
539 2027 706 2060 reclinasti
1017 2025 1056 2058 In
1082 2025 1203 2065 templo
1230 2024 1374 2057 obtulisti

249 2074 296 2107 Et
320 2076 386 2108 suis
412 2075 575 2118 obsequiis
969 2074 1020 2107 Ac
1042 2073 1152 2114 Moysi
1175 2073 1321 2114 legitima

297 2124 344 2157 Te
368 2126 469 2157 totam
494 2124 697 2167 mancipasti.
1018 2122 1203 2164 Spontanee
1228 2121 1353 2156 subisti.

817 2212 865 2247 Π.

190 2281 245 2317 11,
272 2280 370 2321 Quem
396 2280 561 2315 Herodem
588 2280 713 2324 fugiens
885 2281 941 2314 12.
970 2279 1070 2319 Quem
1096 2278 1138 2311 ad
1164 2277 1248 2311 festa
1273 2279 1435 2312 transiens

322 2331 472 2372 Aegypto
498 2330 676 2372 adduxisti,
1015 2327 1172 2360 Dolenter
1197 2327 1384 2370 perdidisti,

272 2378 418 2413 Tandem
443 2380 522 2413 inde
544 2380 675 2413 rediens
970 2376 1034 2409 Sed
1060 2385 1135 2408 mox
1159 2376 1316 2417 templum
1342 2377 1472 2411 rediens

321 2429 375 2462 Ad
401 2428 565 2462 Nazareth
592 2428 720 2463 venisti.
1021 2425 1210 2459 Gaudenter
1236 2426 1420 2467 repperisti.
