1655 2726
683 118 946 153 —229-

163 213 217 247 15.
246 214 328 257 Ave,
356 214 410 255 qui
436 223 495 255 per
519 214 662 248 triduum

296 262 412 295 absens
438 263 645 303 quaerebaris

246 310 292 343 Et
315 311 465 344 inventus
494 310 631 344 dulciter

294 368 355 400 per
378 362 514 392 matrem
539 360 731 401 increparis.

162 426 219 461 16,
246 428 329 469 Ave,
355 427 411 469 qui
436 437 456 460 a
479 427 594 470 milite,

295 484 354 509 rex
378 484 500 518 regum,
525 476 702 517 baptizaris

245 524 292 556 Et
314 527 391 566 post
414 524 477 556 hoc
501 533 522 556 a
546 524 668 558 Satana

296 581 357 614 pro
382 572 476 606 nobis
502 574 649 606 tentaris,

166 640 220 674 17,
248 640 330 681 Ave,
358 640 412 682 qui
437 641 601 681 apostolos

294 689 392 721 rudes
419 688 544 730 elegisti

247 737 292 769 Et
317 746 370 769 eos
398 737 590 769 caelestibus

296 785 389 818 donis
414 786 568 819 imbuisti.

164 941 220 973 21.
247 940 329 981 Ave,
356 939 410 980 qui
435 949 455 972 a
479 939 614 972 mortuis

294 988 454 1021 Lazarum
480 988 614 1030 vocasti,

246 1036 309 1068 Per
334 1035 419 1076 quod
446 1036 570 1076 signum
596 1034 739 1075 perfidos

293 1084 426 1115 multum
455 1082 640 1116 confutasti.

161 1153 218 1184 22.
244 1152 327 1192 Ave,
353 1151 407 1192 qui
435 1159 506 1183 cum
532 1149 636 1192 gloria

293 1208 351 1232 rex
378 1208 489 1240 regum
515 1207 548 1231 es
574 1200 724 1239 receptus

244 1248 291 1281 Et
316 1256 388 1280 cum
412 1247 589 1288 ignominia

293 1297 499 1338 postmodum
526 1296 659 1330 eiectus,

162 1366 219 1399 23.
246 1365 327 1407 Ave,
355 1365 408 1405 qui
434 1364 467 1396 in
494 1364 650 1405 paschate

292 1413 414 1454 pascha
440 1412 627 1454 celebrasti,

247 1462 338 1501 Quod
366 1464 398 1493 et
421 1462 455 1493 in
480 1460 666 1493 memoriam

293 1509 434 1551 posteris
461 1510 589 1543 dicasti.

160 1579 217 1612 24.
245 1579 328 1619 Ave,
355 1586 473 1611 manna
500 1577 664 1619 melicum,

291 1627 386 1668 panis
410 1627 608 1667 angelorum,

246 1674 400 1708 Caritatis
426 1676 566 1719 epulum,

293 1726 406 1757 auctor
431 1722 629 1756 meritorum.

160 1793 218 1827 25.
245 1792 327 1835 Ave,
354 1792 407 1833 qui
433 1791 642 1832 sanguineum

292 1841 442 1873 sudorem
468 1839 619 1883 effudisti,

245 1889 326 1923 Cum
350 1892 513 1923 tormenta
536 1890 679 1921 maxima

292 1937 402 1972 futura
425 1937 631 1979 praevidisti.

158 2085 215 2119 31.
241 2084 323 2127 Ave,
351 2084 440 2117 cuius
464 2084 619 2117 innocens

291 2142 407 2174 corpus
435 2133 632 2168 denudatum

244 2180 316 2214 Stat
340 2181 373 2214 in
399 2191 494 2216 cruce
518 2181 677 2223 manibus,

290 2230 429 2272 pedibus
455 2231 626 2264 clavatum.

157 2301 214 2335 32.
239 2298 356 2341 Avete,
382 2308 497 2332 manus
522 2307 650 2340 aureae,

289 2349 460 2382 tornatiles
486 2351 519 2381 et
542 2347 694 2391 mundae,

242 2396 306 2429 Per
330 2406 408 2438 quas
436 2397 521 2431 dona
545 2396 670 2438 gratiae

288 2444 510 2487 profluxerant
536 2446 675 2479 abunde.

858 217 912 251 18.

856 429 913 464 19.

858 642 914 674 20.

779 872 839 905 ΠΙ.

856 940 913 972 26.

858 1151 915 1183 27.

856 1362 912 1396 28.

856 1577 912 1611 29.

855 1790 913 1824 30.

783 2014 839 2048 IV.

854 2082 899 2117 33

854 2297 900 2331 34

938 217 1020 259 Ave,
1047 218 1101 258 qui
1126 217 1168 250 ad
1192 218 1322 258 nuptias

987 268 1119 299 vocatus
1145 265 1269 307 venisti,

939 313 1005 347 Ubi
1029 316 1117 346 tuam
1142 313 1278 355 gratiam

987 362 1126 403 primum
1152 362 1334 395 ostendisti.

939 430 1021 472 Ave,
1046 430 1102 470 qui
1124 430 1291 462 miraculis

987 478 1096 510 multis
1123 479 1299 510 coruscasti

939 524 985 559 Et
1008 529 1096 558 tuam
1123 526 1299 566 potentiam

987 574 1149 607 interdum
1175 574 1354 608 occultasti.

939 641 1021 683 Ave,
1048 642 1100 682 qui
1127 641 1243 674 itinere

987 689 1091 722 lassus
1117 687 1265 731 fatigaris

939 737 986 770 Et
1010 737 1140 770 caelesti
1165 738 1269 779 gloria

990 787 1092 818 viator
1117 786 1256 819 satiaris,

938 939 1019 983 Ave,
1048 948 1104 972 rex
1129 939 1305 981 liberrime,

988 988 1042 1028 qui
1066 988 1192 1020 vinctus
1220 988 1389 1020 ducebaris

938 1034 984 1067 Et
1010 1035 1152 1076 crucifigi
1177 1036 1273 1068 labiis

987 1082 1133 1124 profanis
1160 1084 1380 1119 conclamaris.

942 1150 1025 1193 Ave,
1052 1151 1140 1183 cuius
1167 1149 1266 1183 facies

990 1198 1094 1239 sputis
1122 1198 1322 1243 defoedatur,

939 1246 1056 1287 Alapis
1080 1247 1300 1288 contunditur,

987 1295 1102 1334 pannis
1126 1295 1306 1329 obvelatur.

939 1363 1020 1405 Ave,
1050 1370 1167 1403 corpus
1193 1363 1350 1404 inclitum,

987 1409 1118 1443 funibus
1145 1411 1277 1452 ligatum

938 1458 983 1491 Et
1008 1460 1172 1500 virgarum
1196 1459 1315 1492 ictibus

989 1507 1060 1540 dire
1086 1507 1303 1541 verberatum.

939 1578 1021 1616 Ave,
1048 1576 1102 1616 qui
1128 1584 1293 1617 purpurea

986 1627 1077 1656 veste
1103 1625 1315 1658 circumdaris

938 1671 984 1705 Et
1010 1672 1136 1705 derisus
1160 1674 1273 1706 taliter

987 1721 1090 1762 spinis
1115 1722 1291 1755 coronaris.

938 1789 1021 1831 Ave,
1048 1789 1104 1829 qui
1129 1788 1172 1822 ad
1197 1790 1360 1824 victimam

988 1837 1103 1870 ductus
1128 1837 1281 1871 baiulasti

938 1887 1086 1927 Crucem,
1111 1887 1147 1919 in
1171 1896 1235 1927 qua
1259 1885 1390 1920 fortiter

986 1944 1046 1976 pro
1071 1935 1164 1968 nobis
1192 1936 1363 1970 dimicasti.

903 2109 911 2116 .
926 2082 1041 2126 Avete,
1067 2082 1170 2122 pedes
1194 2081 1299 2114 incliti

986 2129 1087 2164 clavis
1112 2128 1271 2171 perforati

937 2179 988 2212 Ac
1011 2179 1046 2212 in
1072 2179 1176 2212 crucis
1202 2178 1313 2219 stipite

984 2227 1080 2261 simul
1106 2227 1287 2262 cancellati.

936 2297 1019 2340 Ave,
1046 2295 1101 2338 qui
1128 2305 1198 2329 cum
1220 2296 1329 2337 impiis

984 2344 1082 2378 morti
1109 2345 1276 2386 deputaris

936 2395 982 2428 Et
1006 2403 1067 2435 pro
1093 2395 1385 2435 transgressoribus

984 2443 1074 2476 mitis
1100 2443 1298 2485 deprecaris,
