1655 2726
173 237 229 270 37.

177 459 233 492 38.

177 682 234 714 39.

177 905 235 937 40.

175 1127 234 1162 41.

176 1352 232 1384 42.

175 1575 232 1608 43.

702 138 946 176 1-85--

259 236 410 277 Domine,
436 246 477 269 ne
504 237 538 270 in
564 236 675 272 furore
874 240 929 274 44.

256 285 314 317 Me
338 294 453 326 arguas
480 288 534 318 aut
560 287 680 329 rigore,

261 332 327 366 Sed
352 336 411 374 'pro
438 333 571 375 virginis
597 344 707 367 amore

259 381 317 413 Me
341 380 490 415 absolvas
516 381 556 414 ab
584 392 704 417 errore.

261 457 350 501 Dixi,
378 458 556 492 custodiam
582 461 662 500 vias,
875 453 932 485 45·

261 506 308 538 Te
332 507 395 539 Dei
420 511 556 540 matrem
582 510 755 552 sequendo,

261 554 326 587 Sed
352 564 404 587 me
431 565 541 588 errare
566 558 659 600 scias,

262 602 297 635 Si
322 613 387 636 non
411 613 464 636 me
487 613 548 645 per
572 608 606 637 te
631 606 776 639 emendo.

260 680 448 721 Expectans
474 683 669 726 exspectavi,
876 665 933 698 46·

259 729 335 761 Tibi
360 737 416 761 cor
439 739 546 762 meum
571 732 775 776 praeparavi,

260 777 346 809 Dum
371 777 514 810 lacrimis
540 779 658 811 lectum
685 780 787 821 rigavi

262 826 326 858 Pro
351 834 423 858 meo
450 829 583 868 peccato
608 828 710 869 gravi.

262 902 394 946 Beatus,
422 905 478 944 qui
502 903 673 946 intellegit,
874 879 931 912 47'

261 951 354 991 Quod
379 953 485 992 gratia
510 954 565 984 tua
589 953 707 994 valeat,

262 1000 327 1033 Hic
356 1009 431 1033 vere
456 1010 492 1033 se
515 1010 580 1033 non
603 1001 752 1046 neglegit,

268 1049 329 1088 Qui
355 1058 426 1081 eam
451 1059 472 1081 a
495 1051 529 1080 te
554 1051 671 1091 capiat.

262 1126 540 1166 Quemadmodum
566 1127 732 1160 desiderat
874 1091 930 1124 48⁵

262 1175 396 1216 CervuS‚
423 1179 460 1207 ut
486 1175 608 1207 fontem
634 1175 762 1218 habeat,

262 1224 316 1256 Sic
342 1226 376 1256 et
400 1224 508 1257 anima
532 1224 653 1264 videat,

260 1273 310 1305 Ne
334 1273 442 1314 gratia
466 1276 522 1305 tua
548 1275 668 1306 careat.
876 1304 920 1337 49

260 1350 374 1383 Iudica
395 1359 448 1382 me
473 1354 506 1383 et
532 1351 670 1391 corripe,

260 1399 311 1431 Ne
333 1399 449 1432 laedar
474 1409 494 1431 a
518 1397 652 1440 furioso,

260 1448 286 1481 O
311 1449 403 1489 virgo
426 1448 493 1489 pia,
521 1448 612 1488 eripe

259 1497 316 1529 Me
343 1497 383 1529 ab
409 1496 539 1530 homine
566 1496 688 1529 doloso.

260 1573 360 1616 Deus,
389 1574 521 1606 auribus
547 1573 728 1607 audivimus
879 1574 935 1608 50.

257 1622 408 1666 Mamm,
429 1631 522 1664 quam
536 1622 623 1663 piam
641 1622 804 1662 scivimus,

259 1671 327 1704 Per
352 1681 448 1713 quam
473 1670 537 1703 nisi
563 1671 624 1703 tuti
650 1670 760 1712 simus,

261 1720 384 1754 Contra
410 1720 519 1753 hostes
545 1720 630 1752 male
654 1719 746 1753 imus.

958 239 1129 272 Eructavit
1152 238 1287 272 verbum
1315 238 1431 272 bonum

957 288 1021 321 Cor
1047 297 1138 320 suum
1165 287 1259 320 dulce
1285 289 1318 320 et
1341 296 1450 329 suave,

958 335 1012 368 Sic
1039 336 1182 368 divinum
1207 336 1312 369 sciens
1340 335 1458 368 donum

958 385 1030 417 Hoc
1054 385 1157 416 solum
1182 385 1316 417 audiens
1341 385 1423 419 Ave.

958 452 1048 484 Deus
1073 455 1192 492 noster,
1220 451 1380 493 refugium

958 500 1004 532 Et
1028 503 1234 541 peccatorum
1260 500 1401 533 omnium

956 548 1019 581 Est
1043 548 1134 590 virgo
1159 551 1264 581 mater
1287 549 1462 592 hominum,

959 597 1006 629 Te
1030 596 1099 630 sola
1122 597 1256 637 placans
1282 597 1465 629 Dominum.

962 665 1079 698 Omnes
1104 667 1227 705 gentes,
1257 664 1405 705 plaudite

957 712 1086 754 Virgini
1109 712 1239 746 laudem
1267 713 1389 756 dantes,

959 760 1089 794 Peccati
1114 761 1183 794 vias
1210 761 1351 794 claudite

958 810 1097 842 Mariam
1122 812 1325 843 venerantes.

957 878 1096 919 Magnus
1119 877 1276 910 Dominus
1309 877 1495 911 laudabilis.

959 925 1130 966 Speciosus
1157 928 1189 958 et
1213 925 1371 968 amabilis,

958 974 1094 1007 Genitus
1119 974 1211 1007 nobis
1236 973 1387 1015 affabilis,

958 1023 1022 1055 Per
1046 1022 1186 1054 Mariam
1213 1025 1262 1054 est
1286 1022 1469 1063 placabilis,

957 1090 1081 1122 Audite
1105 1090 1195 1132 haec,
1223 1098 1333 1122 omnes
1359 1092 1479 1132 gentes,

959 1138 1010 1170 Ex
1037 1146 1074 1170 ea
1100 1140 1148 1169 est
1172 1140 1317 1170 nostrum
1339 1138 1499 1180 meritum,

961 1185 1152 1219 Consolatur
1177 1186 1378 1227 paenitentes

958 1234 1032 1267 Non
1059 1235 1219 1267 sustinens
1244 1234 1423 1267 interitum.

959 1303 1047 1335 Deus
1072 1302 1204 1334 deorum
1228 1302 1349 1335 amavit

958 1351 1041 1384 Eam
1067 1353 1100 1382 et
1124 1351 1167 1384 ad
1192 1350 1253 1383 hoc
1279 1351 1410 1391 creavit,

961 1398 1054 1439 Quod
1078 1399 1112 1431 in
1138 1408 1176 1432 ea
1201 1408 1237 1431 se
1261 1400 1410 1441 armavit,

959 1448 1046 1481 Dum
1059 1447 1184 1480 hostem
1196 1451 1341 1480 nostrum
1354 1450 1498 1489 prostra-

1270 1497 1327 1529 vit.

963 1574 1124 1606 Miserere
1147 1573 1220 1615 mei,
1247 1573 1346 1615 Deus,

963 1623 1090 1655 Mariae
1114 1631 1228 1663 preces
1252 1623 1396 1664 intende,

961 1671 1098 1704 Veniam
1127 1675 1203 1712 peto
1228 1680 1313 1714 reus,

960 1720 1013 1752 Ab
1039 1720 1185 1753 hostibus
1210 1728 1262 1751 me
1288 1717 1439 1753 defende.

562 1807 754 1840 Secunda
779 1808 1099 1849 Quinquagena.

262 1877 347 1917 Quid
372 1876 522 1917 gloriaris
548 1876 582 1908 in
608 1876 712 1920 malis,
901 1878 933 1910 4.

261 1926 324 1966 Qui
352 1935 467 1959 errans
491 1927 658 1967 peccando
687 1925 777 1958 cadis
788 1923 804 1955 ‘e

261 1974 313 2007 Sis
338 1977 374 2007 tu
399 1976 458 2008 sub
484 1973 613 2007 Mariae
638 1974 709 2015 alis,

260 2024 304 2055 Et
328 2027 361 2056 te
388 2022 517 2064 diriget,
545 2032 607 2064 quo
632 2023 739 2056 vadis„

260 2100 354 2134 Dixit
378 2100 554 2142 insipiens:

261 2150 316 2183 Ad
344 2149 423 2193 quid
448 2150 589 2183 Mariam
616 2148 761 2183 curabo?

262 2198 349 2231 Nam
372 2198 455 2231 haec
483 2201 534 2231 est
558 2208 632 2231 mea
654 2207 756 2242 mens,

263 2248 356 2288 Quod
380 2256 442 2279 nec
466 2247 571 2280 Deum
596 2247 763 2281 invocabo.

261 2336 361 2380 Deus,
387 2335 423 2369 in
447 2335 577 2369 nomine
601 2341 657 2369 tuo
903 2337 936 2369 6.

261 2386 350 2418 Ante
374 2385 474 2426 pedes
500 2384 635 2426 virginis
660 2393 729 2428 ruo,

262 2434 327 2467 Pro
353 2435 506 2478 peccatis,
534 2443 615 2475 quae
642 2442 700 2473 ego
726 2434 789 2476 luo,

262 2483 311 2516 Te
334 2486 488 2524 precetur
516 2492 555 2515 ex
581 2483 680 2516 corde
700 2491 769 2517 suo.

956 1875 1098 1916 Exaudi,
1126 1875 1223 1915 Deus,
1252 1883 1332 1916 eam,

962 1925 1051 1965 Quae
1064 1927 1271 1964 peccatorum
1283 1932 1358 1964 spes
1368 1926 1502 1956 vocatur

961 1974 1007 2006 Et
1031 1974 1065 2006 in
1090 1973 1229 2006 salutem
1254 1981 1358 2005 meam

961 2023 1026 2055 Pro
1045 2030 1095 2054 me
1114 2021 1274 2062 placando
1292 2024 1326 2053 te
1337 2023 1500 2061 precatur.

962 2081 1133 2124 Miserere,
1160 2079 1234 2121 quia
1261 2079 1463 2113 conculcavit

962 2129 1019 2162 Me
1043 2129 1192 2162 inimicus
1219 2130 1252 2159 et
1276 2128 1450 2172 superavit,

962 2179 1027 2212 Sed
1052 2186 1104 2209 me
1129 2177 1235 2219 gratia
1258 2176 1425 2221 relevavit,

963 2227 1052 2267 Quae
1072 2226 1229 2267 virginem
1253 2229 1390 2258 matrem
1408 2226 1506 2259 ador-

1273 2274 1374 2308 navit.

961 2334 1122 2367 Miserere
1145 2332 1220 2374 mei,
1248 2331 1389 2374 domina,

964 2382 1029 2417 Sub
1056 2381 1117 2414 alis
1142 2382 1207 2414 tuis
1234 2380 1372 2423 confugi,

963 2432 1055 2465 Inter
1080 2429 1163 2464 filios
1191 2433 1263 2463 tuos
1288 2432 1428 2476 nomina,

964 2482 995 2514 A
1019 2480 1163 2522 peccatis
1188 2489 1327 2521 namque
1351 2479 1431 2523 fugi.
