1655 2726
219 230 272 262 25.

217 548 272 580 26.

214 863 270 896 27.

212 1249 267 1282 31.

211 1566 266 1598 32.

213 1882 270 1915 33.

211 2200 267 2234 34.

740 130 999 166 -218—

300 227 367 261 Hic
389 226 533 259 ridentes
556 226 730 258 astiterunt

298 275 343 308 Et
366 275 400 306 in
425 283 521 306 unum
547 277 765 307 convenerunt

348 323 452 363 Reges
478 331 549 354 cum
574 321 785 364 principibus,

300 371 428 412 Manus,
453 370 553 411 pedes
578 368 792 409 perfoderunt

301 420 444 459 Ossaque
466 420 717 451 numeraverunt

346 466 537 507 Dispertitis
562 466 716 498 vestibus,

299 544 476 584 Babylonis
501 543 556 575 1110
581 543 698 576 00111ᾱο

301 593 439 626 Cunctos
464 591 616 632 parvulos
640 591 673 623 in
700 590 766 623 fide

345 640 400 673 Ad
425 643 539 681 petrae
565 639 729 680 duritiam,

299 690 397 729 Quam
411 692 456 730 tu,
474 687 586 730 frater,
606 696 732 728 semper
744 688 830 728 vide,

299 737 343 770 Ut
370 737 488 769 evadas
513 736 693 768 homicidae

347 784 523 817 Daemonis
547 784 734 825 potentiam.

296 862 370 906 Hic,
397 861 491 894 amici
516 861 573 894 Iob
601 861 757 905 dolentes,

298 909 565 951 contemplemini
589 910 749 950 videntes,

345 958 419 991 Non
445 960 493 990 est
520 958 612 990 dolor
633 958 756 997 similis,

297 1007 361 1039 Hic
387 1006 507 1039 doloris
533 1005 729 1037 vehementis

296 1055 412 1095 Plagas
437 1063 568 1094 magnas
594 1053 812 1086 contrahentis

345 1103 463 1136 Penset
487 1102 558 1143 quis
584 1101 741 1134 amabilis.

829 1178 886 1211 IV.

293 1246 357 1279 Hic
381 1255 449 1289 vos,
477 1246 554 1279 Sion
579 1247 674 1278 natae
699 1252 803 1285 carae,

294 1295 414 1335 Regem
440 1294 602 1327 Christum
628 1293 761 1326 visitare

345 1342 461 1375 Omnes
488 1341 688 1384 egredimini,

293 1390 452 1423 Diadema
476 1398 561 1422 nunc
585 1392 726 1429 portare,

295 1438 400 1480 Caput
424 1438 525 1479 spinis
550 1445 714 1477 coronare,

342 1485 421 1519 Cum
446 1495 507 1526 quo
533 1484 792 1526 compungimini.

292 1563 357 1596 Hic
382 1566 432 1595 est
456 1572 545 1595 amor
568 1565 605 1594 ut
629 1571 716 1594 mors
735 1561 828 1594 fortis

294 1611 339 1644 Et
362 1611 435 1651 plus
462 1611 543 1644 dura
567 1613 662 1650 porta
685 1610 797 1642 mortis

343 1658 455 1692 Crucis
480 1659 662 1702 aemulatio,

295 1708 353 1741 Cui
379 1716 450 1740 cum
476 1716 559 1747 aqua
583 1709 632 1739 tot
658 1706 825 1750 accedunt,

293 1755 373 1788 Eius
397 1755 557 1788 flammam
581 1764 645 1787 non
668 1754 829 1787 excedunt

339 1804 378 1837 In
402 1806 493 1836 tanto
518 1803 688 1843 supplicio.

295 1880 361 1913 Hic
386 1880 462 1913 dum
488 1880 634 1913 Christus
659 1879 824 1923 gloriatur,

293 1928 357 1961 Dei
380 1930 505 1969 prolem
530 1937 566 1960 se
589 1931 728 1961 testatur

342 1977 385 2010 Et
410 1976 537 2020 profert
560 1976 743 2017 novissima,

294 2026 476 2058 Tormentis
501 2025 727 2067 interrogatur,

296 2074 442 2106 Tandem
464 2072 547 2106 false
572 2073 802 2106 condemnatur

340 2121 449 2155 Morte
473 2131 543 2154 cum
568 2121 764 2162 turpissima.

293 2199 357 2232 Hic
382 2199 529 2240 sophiam
549 2198 718 2231 renovavit

291 2248 382 2281 Iesus
408 2247 533 2290 Sirach,
560 2256 630 2280 cum
657 2246 794 2279 calcavit

337 2295 455 2329 Mundi
479 2295 684 2337 sapientiam,

290 2344 385 2377 Felix
409 2345 513 2386 homo,
540 2343 594 2385 qui
618 2342 761 2385 gustavit

288 2392 334 2424 Et
357 2393 392 2424 in
415 2393 491 2425 Iesu
515 2392 689 2426 exsultavit

338 2441 499 2474 Humilem
525 2441 705 2474 stultitiam.

907 227 961 259 28.

905 542 960 575 29.

902 862 956 894 30.

901 1245 957 1278 35.

899 1563 954 1595 36.

897 1881 952 1914 37.

895 2199 951 2233 38.

989 226 1054 259 Hic
1077 236 1154 267 gens
1179 237 1283 270 prava
1303 226 1460 266 sapientis

988 274 1167 307 Salomonis
1190 274 1392 308 admonentis

1036 322 1173 362 Respuit
1196 322 1391 363 indaginem,

991 369 1066 402 Cum
1094 370 1274 403 tendiculas
1299 369 1502 401 abscondunt

986 416 1033 449 Et
1055 417 1192 450 insontis
1218 417 1338 452 Christi
1362 415 1504 449 fundunt

1034 465 1524 506 Tampraeclarumsanguinem.

987 542 1051 575 Hic
1077 545 1126 574 est
1149 551 1277 575 murrae
1301 542 1449 585 ligatura,

988 590 1087 630 Quam
1115 590 1234 623 dilecta
1259 590 1375 632 grandi
1400 599 1476 622 cura

1035 639 1205 679 Imprimat
1228 638 1400 680 uberibus;

987 687 1012 720 Ο
1039 686 1201 728 profunda
1227 688 1331 720 crucis
1356 687 1437 728 iura,

985 735 1077 776 Quod
1102 735 1273 768 redimitur
1291 738 1408 768 natura

1035 784 1115 816 Tam
1142 784 1221 817 diris
1248 784 1452 817 vulneribus!

986 862 1048 894 Η10
1073 862 1221 894 columba
1245 862 1289 893 sit
1312 870 1435 904 secura,

983 908 1068 942 Dum
1092 910 1127 942 in
1149 913 1243 950 petra
1266 908 1304 942 fit
1328 912 1491 942 structura

1032 958 1144 990 Firma
1168 958 1217 990 sui
1242 957 1356 997 niduli,

982 1005 1077 1038 Hanc
1101 1005 1259 1046 accipiter
1282 1014 1345 1037 non
1371 1005 1483 1046 laedit,

983 1054 1021 1087 In
1047 1062 1185 1086 caverna
1210 1054 1284 1086 dum
1310 1053 1433 1085 resedit

1031 1101 1162 1141 Christi,
1189 1101 1273 1142 regis
1296 1101 1408 1135 Israel.

983 1244 1048 1278 Hic
1071 1244 1278 1278 novissimum
1303 1246 1446 1279 virorum

984 1293 1068 1326 Vide
1093 1292 1257 1326 Christum
1282 1297 1315 1326 et
1340 1294 1486 1327 dolorum

1030 1341 1166 1374 Plenum
1191 1351 1261 1374 cum
1287 1343 1455 1385 livoribus,

984 1390 1067 1422 Vere
1093 1389 1167 1421 tulit
1191 1393 1300 1432 pestes
1325 1399 1449 1423 morum

980 1436 1025 1470 Et
1049 1437 1159 1469 ruinas
1184 1447 1396 1479 supernorum

1028 1486 1203 1519 Restaurat
1226 1486 1405 1521 laboribus.

980 1562 1055 1604 Hic,
1083 1564 1159 1596 dum
1175 1563 1270 1597 fortis
1286 1566 1513 1607 propugnavit,

979 1612 1034 1644 Ad
1056 1612 1246 1645 salvandum
1271 1621 1307 1645 se
1330 1614 1461 1653 paravit

1027 1660 1226 1700 Proloquens
1250 1661 1417 1706 iustitiam,

978 1706 1024 1740 Et
1048 1708 1190 1741 torcular
1215 1718 1285 1741 cum
1310 1710 1458 1752 calcavit,

981 1755 1073 1788 Solus
1098 1759 1205 1789 vestes
1229 1757 1417 1803 rubricavit,

1024 1804 1142 1845 Lapsis
1168 1805 1225 1838 dat
1248 1804 1411 1842 fiduciam.

978 1880 1043 1913 Hic
1068 1881 1142 1913 dum
1167 1883 1303 1916 moritur
1326 1883 1438 1928 Iosias,

980 1929 1075 1962 Hunc
1097 1929 1132 1961 in
1156 1931 1281 1964 threnis
1308 1933 1462 1966 Ieremias

1027 1977 1162 2010 Plorans
1187 1980 1337 2020 planctus
1363 1983 1512 2023 replicat,

976 2024 1041 2057 Hic
1067 2028 1227 2060 convertit
1250 2029 1450 2071 prophetias,

976 2073 1042 2106 Hic
1067 2074 1234 2117 deplangit
1258 2076 1335 2109 Sion
1360 2079 1440 2120 vias,

1025 2122 1080 2155 Ad
1103 2123 1244 2158 lamenta
1267 2131 1434 2166 provocat.

977 2198 1041 2231 Hic
1065 2209 1122 2232 vos
1140 2209 1260 2244 omnes,
1287 2202 1342 2243 qui
1354 2205 1512 2247 transitis,

977 2247 1050 2280 Hoc
1074 2250 1243 2283 attendere
1267 2251 1386 2294 velitis,

1026 2296 1098 2329 Non
1124 2301 1172 2331 est
1198 2299 1291 2332 dolor
1315 2300 1441 2344 similis,

977 2344 1197 2379 Recordantes
1222 2357 1351 2389 semper
1374 2351 1442 2383 litis

976 2392 1060 2425 Suae
1084 2396 1149 2426 tam
1175 2405 1305 2429 amarae
1326 2397 1398 2431 sitis

1024 2441 1070 2474 Et
1093 2444 1206 2477 mortis
1230 2448 1297 2478 tam
1322 2446 1463 2480 humilis,
