1655 2726
216 489 273 522 27.

216 988 272 1020 28.

218 1495 272 1527 29.

219 2004 275 2037 30.

740 128 977 164 „24—

345 227 515 260 Provisum
540 226 739 267 prophetice,

347 275 447 308 Servo
474 279 528 307 tuo
552 274 711 316 prospice,

296 323 347 356 Ne
373 323 494 356 divisus
520 333 538 355 a
564 323 709 363 benignis

297 372 405 413 Digne
430 375 503 404 ruat
528 380 597 403 eum
621 370 761 411 indignis

347 420 411 453 Sub
439 423 580 452 extremo
604 419 721 453 iudice.

299 488 380 524 Ave,
409 486 497 519 cuius
523 495 616 518 mane
641 487 759 517 laetum

299 536 439 568 Nostrae
464 536 566 567 noctis
592 534 687 566 tersit
709 532 817 565 fletum

348 584 426 616 Orto
452 583 531 616 lucis
556 583 659 623 radio,

298 631 363 663 Sub
390 640 452 671 quo
477 632 579 663 crucis
596 639 658 671 per
675 633 832 661 secretum

300 680 461 721 Scriptum
488 679 599 711 mortis
627 681 676 710 est
694 677 832 709 deletum

345 728 381 759 ln
408 727 537 760 virtutis
563 727 705 767 brachio,

344 775 396 808 Ex
421 778 497 807 tunc
522 784 603 807 novo
629 773 746 815 gaudio

298 823 452 855 Nostrum
479 822 540 855 fuit
566 832 620 855 cor
645 822 814 862 repletum,

299 871 376 904 Cum
406 871 523 904 dedisti
549 871 667 903 mundo
694 869 792 901 fetum

348 918 412 951 Sub
440 919 569 951 caelesti
595 918 718 951 nuntio.

298 987 379 1024 Ave,
406 993 465 1025 per
490 994 583 1026 quam
610 985 690 1016 lucis
715 985 811 1017 aedes

296 1034 381 1066 Novi
408 1032 529 1065 Christi
555 1033 729 1064 coheredes

347 1081 476 1113 lutrant
501 1081 540 1112 ab
568 1081 690 1123 exsilio,

298 1129 345 1162 Ut
369 1131 457 1160 stent
479 1129 526 1160 ibi
550 1128 651 1160 nostri
676 1127 788 1170 pedes,

298 1177 364 1210 Ubi
390 1177 457 1216 regi
481 1177 591 1208 iuncta
615 1176 707 1207 sedes

348 1225 385 1256 ln
411 1225 538 1256 stellato
563 1224 653 1261 solio,

349 1272 403 1304 Sic
427 1272 608 1311 proscripto
634 1270 699 1303 filio

299 1320 419 1352 Stolam
446 1320 565 1359 reddit,
592 1317 715 1350 fructus
740 1318 804 1350 alvi

298 1369 426 1400 Merces
452 1367 609 1407 redditur,
637 1375 699 1406 qua
723 1366 804 1398 salvi

347 1415 449 1447 Fiunt
474 1416 562 1455 digni
586 1415 709 1447 bravio.

300 1494 381 1534 Ave,
411 1492 507 1523 decus
531 1492 711 1531 mulierum,

299 1540 412 1572 Noctis
439 1540 544 1583 decor,
572 1540 626 1571 lux
655 1539 786 1581 dierum,

350 1588 412 1620 Per
446 1597 538 1629 quam
565 1587 676 1619 mundi
701 1585 835 1626 fabrica,

302 1637 365 1669 Per
379 1644 473 1676 quam
488 1639 613 1668 constat
625 1636 704 1667 ordo
719 1643 836 1675 rerum,

301 1684 385 1717 Vitis
412 1684 497 1716 vitae
523 1683 660 1715 fundens
686 1691 818 1723 merum,

351 1732 433 1763 Vitis
455 1732 575 1772 Ioseph
596 1731 748 1773 mystica,

350 1780 475 1819 Sponsa
499 1780 610 1819 sponsi
635 1780 738 1821 unica,

301 1829 387 1862 Novi
412 1829 496 1869 regis
521 1836 605 1859 nova
629 1831 738 1866 nupta,

301 1877 419 1916 Regem
447 1876 535 1916 paris
560 1875 746 1914 incorrupta

350 1925 389 1957 In
414 1933 493 1956 voce
518 1923 673 1964 angelica.

302 2004 383 2044 Ave,
400 2009 460 2041 per
473 2009 566 2042 quam
581 2003 657 2040 post
666 1999 836 2042 expletam,

301 2050 340 2082 In
365 2059 428 2090 qua
454 2049 562 2090 currit,
590 2048 675 2080 vitae
699 2050 817 2079 metam

349 2097 452 2130 Exsul
476 2098 577 2129 intrat
600 2095 749 2138 patriam,

301 2146 389 2187 Ergo
415 2145 511 2178 vitam
540 2145 581 2177 da
606 2144 756 2185 quietam,

303 2196 365 2228 Pro
385 2203 447 2234 qua
465 2197 550 2235 peto,
569 2201 628 2233 pro
642 2201 705 2232 qua
718 2194 836 2235 petam,

350 2242 403 2275 Da
426 2242 559 2282 gerendi
584 2241 731 2282 gratiam,

348 2292 396 2325 Ut
421 2292 461 2324 ad
488 2291 572 2332 regis
599 2289 719 2321 curiam

301 2340 433 2372 Manum
460 2338 562 2372 feram
587 2338 635 2370 sic
659 2337 825 2381 repletam,

301 2388 353 2420 Ne
377 2396 437 2427 pro
464 2389 549 2421 vitae
574 2386 680 2419 fructu
704 2388 822 2417 metam

349 2436 466 2469 Mortis
489 2434 705 2478 ignominiam.

908 226 964 260 31.

906 727 960 759 32.

906 1225 959 1257 33.

910 1733 964 1765 34.

910 2244 965 2276 35.

990 226 1071 268 Ave,
1099 224 1227 263 munda,
1255 226 1346 266 grata
1369 219 1500 262 mundo,

990 273 1050 313 Qui
1069 277 1101 304 te
1115 273 1265 305 mundam
1283 272 1315 304 in
1333 271 1394 303 hoc
1405 267 1525 300 mundo

1037 321 1164 354 Invenit
1190 330 1269 362 prae
1296 318 1419 356 ceteris,

987 369 1040 401 Ad
1067 372 1099 400 te
1125 369 1226 402 clamo
1254 370 1294 402 de
1317 365 1489 408 profundo,

987 417 1105 449 Vocem
1133 418 1219 457 audi,
1246 426 1340 458 quam
1366 412 1491 446 effundo

1035 465 1085 497 De
1109 465 1270 505 profundo
1297 462 1445 502 carceris,

1036 513 1119 545 Nam
1147 515 1211 547 dux
1236 512 1338 546 nostri
1363 508 1487 552 generis

987 561 1044 593 Me
1068 561 1202 594 reclusit
1224 562 1255 593 in
1283 562 1344 593 hoc
1368 558 1467 591 fundo

988 609 1121 641 Pactum
1146 610 1258 642 mortis
1283 608 1422 641 ineundo

1038 657 1115 690 Cum
1141 660 1272 691 auctore
1296 656 1437 689 sceleris

987 727 1068 766 Ave,
1097 725 1185 757 cuius
1211 725 1384 757 exaltatum

989 773 1053 806 Gor
1078 782 1140 805 non
1167 772 1230 805 fuit
1254 782 1313 805 nec
1337 773 1507 813 ingratum,

1036 821 1114 854 Cum
1139 821 1227 854 intra
1252 820 1429 853 cubiculum

987 869 1042 901 Ad
1066 871 1100 900 te
1125 870 1255 901 verbum
1284 872 1333 900 est
1359 868 1511 908 delatum,

989 917 1054 949 Sed
1079 917 1258 957 permansit
1281 916 1440 948 illibatum

1037 965 1174 997 Pudoris
1198 965 1405 1005 signaculum,

1034 1012 1118 1044 Dum
1133 1014 1174 1046 ad
1192 1016 1336 1045 nostrum
1356 1011 1523 1051 parvulum

988 1061 1119 1093 Ventris
1144 1061 1190 1093 tui
1216 1061 1339 1101 grande
1364 1061 1498 1091 stratum

991 1109 1102 1141 Novus
1128 1113 1240 1141 auctor
1264 1109 1437 1140 sanitatum

1036 1157 1176 1189 Intravit
1199 1157 1393 1189 cenaculum.

986 1225 1066 1263 Ave,
1095 1223 1214 1257 dudum
1238 1223 1452 1265 praesignata,

987 1272 1082 1312 Legis
1107 1281 1184 1304 arca
1210 1273 1372 1314 deaurata,

1035 1319 1085 1351 De
1109 1319 1170 1352 hoc
1193 1328 1329 1359 nequam
1354 1318 1483 1351 saeculo

988 1367 1078 1399 Intra
1102 1369 1207 1400 velum
1233 1370 1453 1408 transportata

987 1415 1032 1447 Et
1055 1415 1088 1447 in
1113 1416 1198 1457 regis
1223 1416 1379 1448 collocata

1035 1463 1140 1503 Digne
1164 1464 1381 1504 tabernaculo,

1037 1511 1170 1551 Lignum
1198 1513 1266 1544 sine
1291 1512 1454 1553 scrupulo,

989 1561 1077 1591 Auro
1109 1560 1188 1592 caeli
1215 1561 1407 1602 copulatum,

988 1608 1026 1640 In
1051 1610 1084 1639 te
1110 1608 1196 1640 dicta
1222 1609 1360 1649 complet
1385 1612 1493 1642 vatum

1035 1656 1166 1689 Ventris
1192 1657 1331 1689 clausum
1359 1657 1499 1691 vasculo.

989 1732 1068 1774 Ave,
1095 1735 1178 1766 sacri
1205 1743 1261 1766 vas
1286 1734 1451 1775 unguenti,

990 1780 1079 1819 Quod
1103 1781 1136 1811 in
1162 1791 1250 1814 oram
1272 1783 1464 1823 vestimenti,

1036 1828 1211 1862 Descendit
1236 1840 1255 1863 a
1281 1831 1396 1871 capite,

988 1876 1077 1909 Dans
1103 1879 1258 1911 medelam
1285 1880 1393 1912 laesae
1409 1881 1523 1921 menti,

987 1924 1070 1956 Dum
1095 1924 1237 1959 refundit
1264 1929 1442 1968 paenitenti

1038 1972 1133 2013 Spem
1158 1976 1272 2008 salutis
1297 1977 1458 2017 perditae,

1038 2021 1132 2054 Cultu
1157 2024 1261 2056 nitens
1289 2026 1399 2069 divite,

990 2069 1054 2102 Ora
1078 2075 1206 2104 nostrae
1232 2072 1319 2106 facta
1343 2075 1444 2107 vestis

990 2118 1108 2159 Regem
1135 2122 1216 2153 caeli
1242 2131 1339 2155 carne
1363 2123 1463 2155 vestis

1039 2167 1167 2201 Pudore
1192 2172 1377 2211 superstite.

991 2245 1071 2288 Ave,
1098 2254 1157 2285 per
1182 2257 1277 2288 quam
1303 2247 1512 2282 interdictum

993 2293 1119 2326 Primae
1144 2296 1257 2328 matris
1281 2295 1322 2327 ob
1350 2295 1501 2329 delictum

1039 2341 1135 2383 Regis
1161 2347 1253 2384 patet
1277 2343 1405 2386 atrium,

992 2389 1050 2428 Qui
1076 2391 1234 2424 reducens
1262 2391 1454 2424 derelictum

991 2437 1045 2470 Fit
1071 2448 1130 2479 pro
1155 2439 1248 2474 nobis
1274 2439 1483 2474 maledictum
