1655 2726
543 653 578 685 ll.
618 655 785 688 Rosarinm
808 656 923 688 beatae
944 657 1064 690 Mariae
1088 658 1124 689 V.

424 754 615 786 Auctore
645 755 803 788 Iacobo
828 756 1024 789 Merlone
1047 758 1240 792 Horstio.

815 852 840 885 Ι.

588 936 695 979 Salve,
722 941 826 970 mater
851 939 992 980 pietatis,

590 985 653 1018 Per
677 991 843 1020 aeternum
869 988 1024 1020 trinitatis

635 1034 776 1067 Condita
801 1035 979 1077 consilium,

587 1081 632 1114 Ut
657 1083 858 1123 immensum,
885 1083 1061 1115 increatum

586 1130 730 1163 Verbum
756 1131 859 1170 patris
884 1132 1085 1164 incarnatum

633 1177 742 1211 Mater
767 1179 878 1219 gignas
903 1178 1015 1212 filium.

189 1255 219 1287 1.
234 1253 359 1295 Gaude,
388 1253 523 1297 caelum,
550 1258 583 1286 et
605 1255 736 1298 mirare,

235 1303 356 1346 Psalle,
384 1306 483 1344 terra,
510 1303 640 1344 plaude,
670 1312 768 1346 mare,

285 1351 391 1384 Deum
414 1350 550 1383 laudent
574 1352 692 1394 onmia,

236 1399 320 1431 Nam
346 1401 473 1432 creator
498 1402 612 1440 potens
638 1400 708 1433 iure

234 1448 327 1481 Novo
353 1447 443 1480 foetu
469 1451 636 1481 creaturae

283 1496 408 1529 Mundo
433 1499 529 1536 parat
554 1497 683 1538 gaudia.

186 1576 217 1607 2.
233 1574 259 1607 O
286 1583 379 1615 quam
407 1571 486 1605 felix
512 1576 543 1606 et
569 1575 750 1616 praeclara,

233 1622 304 1655 Deo
330 1625 432 1663 grata,
458 1622 551 1655 nobis
577 1632 662 1664 cara,

284 1670 425 1713 Virginis
453 1672 631 1713 conceptio,

229 1720 318 1760 Quae
342 1721 494 1760 parentes
518 1718 710 1754 infecundos

231 1768 339 1810 Prole,
367 1768 443 1801 beat
466 1777 525 1802 nos
550 1769 732 1802 immundos

278 1817 373 1849 Vitae
398 1815 564 1852 beneficio.

180 1897 212 1929 3.
228 1895 253 1928 O
281 1904 375 1936 quam
401 1896 572 1936 praestans
590 1898 686 1936 atque
702 1904 795 1937 pura,

230 1943 320 1984 Quae
335 1944 586 1976 transscendens
605 1946 712 1977 carnis
724 1945 798 1976 iura

280 1992 394 2025 Nescit
418 1991 661 2038 improperium,

228 2041 300 2082 Eia,
329 2042 471 2074 clausum
496 2042 617 2082 plaude
643 2043 778 2084 caelum,

227 2090 417 2129 Recreatus,
446 2098 495 2130 en⁷
522 2091 673 2123 anhelum

279 2139 413 2172 Patrum
440 2138 647 2173 desiderium.

178 2219 211 2251 4.
228 2217 253 2250 O
281 2226 374 2258 quam
402 2214 481 2249 felix
507 2215 599 2249 fulsit
622 2218 711 2261 hora,

227 2265 296 2305 Qua
323 2273 518 2306 consurgens
544 2266 625 2299 haec
649 2276 768 2300 aurora

270 2314 390 2347 Mortis
415 2314 563 2347 umbram
590 2315 738 2357 dissipat,

226 2363 324 2405 Quae,
351 2363 494 2397 natalem
518 2366 614 2397 nacta
638 2374 765 2407 purum,

222 2412 306 2444 Tota
329 2412 466 2453 pulchra
489 2412 552 2446 iam
580 2415 748 2446 venturum

271 2461 396 2495 Mundo
421 2461 522 2494 solem
548 2462 685 2495 nuntiat.

889 1257 920 1290 5.
935 1256 962 1289 O
987 1256 1093 1299 beata,
1121 1265 1203 1298 quae
1227 1256 1338 1291 futura

934 1304 997 1337 Dei
1022 1309 1126 1338 mater
1152 1314 1185 1337 es
1210 1309 1337 1348 natura,

979 1353 1083 1386 Nobis
1108 1360 1213 1386 mater
1237 1356 1370 1397 gratiae,

933 1402 1108 1435 Paradisus
1135 1403 1310 1443 voluptatis

931 1450 976 1483 Et
999 1451 1125 1493 asylum
1149 1450 1311 1484 libertatis

979 1499 1146 1539 Causaque
1170 1499 1326 1534 laetitiae.

882 1577 913 1609 6.
929 1575 1054 1609 Novum
1082 1576 1143 1608 zeli
1168 1586 1242 1609 mox
1268 1579 1450 1619 exemplum

933 1624 1011 1668 Das,
1044 1625 1175 1666 tenella,
1201 1628 1315 1666 petens
1340 1627 1495 1668 templum

977 1673 1222 1706 Praesentanda
1247 1673 1385 1708 Domino

930 1721 976 1754 Et
1000 1725 1051 1754 ter
1077 1721 1191 1764 quinos
1217 1722 1314 1758 trima
1338 1723 1468 1757 scandis

930 1769 1069 1810 Gradus,
1095 1771 1202 1811 prima
1228 1774 1315 1804 casto
1340 1772 1458 1813 pandis

976 1819 1062 1851 Vota
1085 1818 1190 1851 libens
1215 1820 1332 1855 animo,

880 1896 911 1930 7.
926 1896 1013 1928 Hinc
1039 1896 1156 1929 devota
1181 1894 1348 1930 famularis

926 1945 1065 1977 Manens
1087 1945 1211 1985 templo
1235 1954 1297 1978 nee
1320 1947 1454 1980 lassaris

975 1992 1107 2026 Domini
1131 1993 1273 2038 servitio,

927 2042 1056 2085 Psallis‚
1083 2050 1156 2075 oras
1182 2045 1215 2074 et
1239 2042 1378 2087 laborem,

923 2091 1027 2123 Deum
1052 2090 1167 2123 laudas
1193 2094 1226 2122 et
1250 2091 1389 2124 honoras

974 2140 1143 2172 Proximos
1172 2138 1292 2173 officio.

875 2218 905 2251 8.
921 2217 1008 2250 Hinc
1032 2216 1215 2250 accendunt
1233 2226 1359 2249 omnem
1377 2227 1489 2250 sexum

925 2266 1091 2300 Castitatis
1117 2266 1160 2298 ad
1184 2266 1369 2306 amplexum

975 2314 1116 2357 Virginis
1141 2314 1287 2356 vestigia,

922 2364 1007 2396 Erat
1031 2364 1107 2396 olim
1131 2363 1202 2396 laus
1228 2362 1387 2407 fecundis,

925 2412 990 2445 Sed
1014 2412 1079 2445 iam
1104 2421 1188 2445 nova
1212 2411 1340 2453 profert
1359 2412 1487 2446 mundis

972 2462 1072 2503 Virgo
1097 2461 1278 2503 privilegia.
