1655 2726
182 246 263 280 761.
280 246 377 279 Clara
401 248 543 281 thalamo
569 249 675 283 subito

277 295 365 329 Visio
392 295 481 329 facta
506 297 640 330 caelitus

276 343 446 377 Caesarem
471 346 512 378 ab
538 345 652 379 illicito

275 393 422 427 Culmine
446 393 548 428 movit
573 395 712 435 penituS.

181 471 261 504 762.
277 470 410 504 Penitus
437 471 632 505 Octavianus

278 518 346 551 Coli
375 520 452 553 deus
478 530 552 553 mox
580 521 738 562 despexit,

277 566 355 600 Cum
381 568 468 601 inter
492 569 626 609 virginis
652 579 763 602 manus

277 615 415 648 Puerum
443 626 569 650 sursum
595 618 731 658 aspexit.

179 704 259 736 763.
274 703 414 743 Aspexit
440 705 524 736 enim
550 704 683 744 insuper

280 750 357 784 Cum
386 751 512 793 Sibylla
536 752 600 784 sibi
626 762 703 785 cara

277 799 322 831 Et
347 801 454 832 sonuit
479 810 541 834 vox
568 801 723 841 desuper:

278 848 377 893 Caeli,
404 849 519 890 inquit,
546 849 627 881 haec
653 853 701 881 est
725 860 793 883 ara.

181 936 260 969 764.
279 935 361 979 Ara,
382 935 500 977 Maria,
530 936 649 968 dicitur

274 982 423 1015 Ecclesia
449 984 536 1016 facta
560 984 617 1026 ibi,

275 1031 362 1070 Quae
387 1032 481 1063 testis
507 1032 602 1064 huius
626 1033 786 1071 redditur,

274 1079 312 1111 In
331 1088 394 1119 qua
413 1080 470 1112 dat
485 1079 580 1122 plebs
597 1080 725 1113 laudem
744 1081 814 1113 tibi.

176 1166 346 1201 765,Tibi
374 1167 544 1206 credimus,
572 1167 689 1210 Maria,

269 1215 413 1256 Angelos
438 1215 471 1247 in
499 1216 686 1257 obsequium

269 1262 386 1296 Fuisse
412 1273 483 1296 cum
508 1264 606 1297 laude
631 1265 696 1306 pia,

270 1311 350 1344 Cum
374 1313 534 1354 peperisti
557 1311 670 1346 filium.

174 1402 254 1435 766.
270 1400 403 1443 Filium,
430 1401 547 1441 Maria,
574 1403 663 1433 tuum

269 1449 427 1482 Golebant
451 1449 614 1490 animalia,

271 1497 393 1538 Utpote
418 1496 575 1530 factorem
601 1507 701 1539 suum,

269 1545 439 1578 Greantem
465 1546 546 1578 haec
573 1550 605 1577 et
630 1547 747 1579 omnia.

172 1636 254 1669 767.
270 1633 386 1666 Omnia
410 1642 510 1674 regna
537 1633 666 1673 penitus

267 1682 326 1715 Uti
351 1691 432 1722 pace
455 1682 623 1723 disposuit,

267 1730 347 1764 Cum
373 1731 463 1763 nasci
491 1731 554 1763 Dei
578 1730 704 1771 genitus

266 1779 318 1811 Ex
344 1782 386 1823 te,
413 1780 531 1824 Maria,
560 1779 674 1813 voluit.

170 1869 252 1902 768.
266 1867 379 1900 Voluit
402 1868 524 1910 quippe
548 1868 691 1900 salvator

265 1916 304 1949 In
330 1920 476 1957 tempore
501 1917 591 1949 nasci
614 1917 716 1959 pacis,

266 1965 327 2004 Qui
351 1968 487 1998 venerat
512 1974 606 1998 verus
631 1966 717 1998 lator

265 2013 386 2046 Salutis
412 2018 543 2047 nostrae
568 2014 702 2047 veracis.

168 2103 247 2138 769.
264 2102 397 2135 Veracis
422 2103 535 2135 matris
562 2103 688 2145 genitus

262 2150 336 2183 Hoc
362 2152 538 2193 complevit
560 2153 731 2193 veraciter,

263 2199 348 2242 Tibi,
374 2200 491 2244 Maria,
518 2200 666 2232 subditus

263 2249 373 2290 Atque
396 2249 516 2290 Ioseph
543 2249 718 2283 humiliter.

166 2341 246 2374 770,
262 2337 438 2371 Humiliter
464 2339 575 2371 volens
600 2339 691 2371 nasci

263 2386 350 2420 Civis
378 2388 526 2420 caelestis
551 2387 656 2428 gloria

261 2435 307 2468 Et
331 2446 351 2468 a
374 2439 416 2477 te,
440 2437 559 2478 Maria,
581 2436 682 2477 pasci,

261 2485 322 2525 Qui
348 2494 478 2527 semper
503 2485 563 2518 alit
588 2486 705 2519 omnia.

814 152 879 188 171
931 173 977 179 —

882 252 961 284 771.
977 252 1091 285 Omnia
1114 252 1204 285 idola
1224 251 1328 285 fracta

974 300 1121 333 Fuerunt
1146 300 1384 333 daemoniorum

974 348 1025 381 Ex
1050 353 1093 390 te,
1119 348 1235 389 Maria,
1262 349 1385 381 intacta

976 396 1091 430 Genito
1117 396 1186 429 Deo
1214 397 1354 431 deorum.

880 475 959 507 772.
973 474 1115 507 Deorum
1139 473 1276 507 Domino
1302 479 1377 507 nato

973 522 1024 555 Ex
1048 525 1151 554 matre
1175 523 1380 555 immaculata

973 570 1054 603 Eius
1080 572 1130 602 est
1153 571 1227 603 stilo
1254 572 1347 604 beato

974 618 1135 652 Nativitas
1161 619 1335 655 declarata.

878 706 957 739 773.
971 705 1148 738 Declarata
1173 709 1248 738 sunt
1274 707 1402 739 sacrata

970 754 1130 794 Mysteria
1154 755 1389 795 scripturarum

975 802 1022 834 Te
1047 802 1171 843 virgine
1195 801 1369 836 fecundata

972 850 1026 883 Ad
1052 850 1187 883 salutem
1213 851 1401 884 animarum.

877 937 956 970 774.
972 938 1160 970 Animarum
1185 938 1394 971 humanarum

969 985 1037 1028 Fis,
1062 985 1178 1025 Maria,
1204 986 1400 1026 suscitatrix,

968 1033 1164 1065 Decoratrix
1189 1032 1381 1066 feminarum

974 1081 1186 1121 Virorumquc
1210 1083 1396 1115 relevatriX.

875 1169 953 1202 775.
970 1168 1157 1201 Relevatrix
1182 1169 1289 1201 Adam
1315 1169 1418 1209 patris

969 1216 1014 1249 Et
1037 1217 1071 1249 in
1096 1216 1195 1248 limbo
1221 1217 1405 1259 iacentium,

969 1265 1127 1305 optantes
1153 1265 1286 1306 virginis
1309 1266 1421 1298 matris

966 1313 1197 1346 Desideratum
1221 1312 1335 1347 filium.

873 1401 952 1435 776.
967 1400 1089 1433 Filium
1112 1403 1203 1433 tuum
1227 1401 1381 1433 viderunt

967 1451 996 1481 A
1023 1450 1158 1482 mortuis
1184 1453 1404 1490 resurgentem

965 1498 1009 1530 Et
1033 1507 1093 1538 per
1118 1506 1189 1529 eum
1215 1500 1432 1538 perceperunt

963 1546 1007 1578 Hi
1033 1546 1169 1588 gloriam
1194 1548 1447 1587 permanentem.

870 1636 949 1668 777.
965 1635 1211 1668 Permanentem
1238 1635 1406 1668 veritatem

963 1683 1140 1716 Tantorum
1165 1683 1362 1715 mirabilium

963 1731 1028 1764 Per
1054 1740 1179 1764 omnem
1205 1730 1293 1764 fatur
1318 1734 1457 1764 aetatem

966 1781 1064 1814 Plebs
1089 1783 1134 1821 te,
1161 1783 1262 1823 virgo,
1290 1780 1469 1813 scientium.

869 1869 949 1902 778.
965 1868 1143 1901 Scientium
1167 1867 1304 1900 scientia

963 1917 1157 1949 Nullatenus
1183 1916 1344 1957 aedificat,

963 1967 1051 2006 Quae
1078 1965 1119 1998 de
1140 1968 1173 1996 te
1199 1965 1369 1998 credibilia

963 2014 1102 2057 Scripta,
1130 2016 1244 2054 mater,
1269 2023 1333 2046 non
1358 2013 1491 2046 indicat.

866 2103 884 2135 7
891 2104 945 2136 79.
962 2102 1090 2135 Iudicat
1115 2104 1228 2133 sancta
1251 2101 1358 2142 lectio,

959 2151 1049 2191 Quae
1080 2150 1182 2182 vitam
1206 2152 1295 2182 tuam
1319 2149 1501 2191 praedicat,

961 2201 1052 2240 Quod
1079 2198 1219 2232 omnium
1245 2197 1403 2240 perfectio

960 2249 1123 2281 Virtutum
1149 2250 1182 2279 te
1208 2246 1377 2280 clarificat.

865 2338 945 2371 780.
963 2335 1139 2376 clarificat,
1166 2334 1344 2375 amplificat

960 2385 1091 2418 Laudes
1117 2386 1189 2416 tuas
1216 2386 1248 2415 et
1274 2384 1411 2425 replicat

960 2434 1076 2475 Homo,
1103 2441 1197 2474 quem
1223 2433 1286 2465 sibi
1310 2434 1463 2467 vendicat

960 2484 1024 2517 Per
1049 2486 1082 2515 te
1107 2481 1195 2514 Deus
1222 2486 1255 2514 et
1279 2483 1417 2517 dedicat.
