1655 2726
174 225 230 260 25.

177 556 234 589 26.

171 886 228 918 27.

169 1216 227 1249 28.

169 1547 224 1580 29.

164 1881 220 1914 30.

161 2220 217 2255 31.

707 133 945 169 „73-

261 229 343 268 Ave‚
370 229 457 262 salus
484 230 659 273 indefessa,

258 276 378 308 Aulam
405 277 467 309 Dei
492 288 574 319 quae
598 280 744 322 ingressa

310 324 356 356 Es
381 334 442 365 per
467 325 693 369 innocentiam,

260 371 328 404 Nos
355 373 481 406 ablutos
508 384 528 407 a
553 377 695 416 peccatis

259 420 333 453 Due
358 422 401 454 ad
426 431 515 455 aram
543 424 671 457 deitatis

311 469 414 502 Tuam
439 479 500 510 per
526 473 737 506 elementiam.

261 557 343 599 Ave,
370 557 427 591 lux
453 558 635 593 illuminata

260 606 350 637 Luce
377 615 455 640 vera
482 607 521 639 de
546 611 579 640 te
604 612 681 641 nata.

310 653 425 687 Carnis
450 655 483 687 in
509 657 708 700 umbraculo,

259 702 349 742 Quae
372 703 406 735 in
434 702 486 735 die
512 714 569 736 nos
595 714 704 739 amaro

257 750 315 783 Pie
341 753 427 792 tegat
453 752 487 784 in
512 755 556 794 te,
583 761 657 785 caro

307 798 371 831 Suo
398 800 618 834 tabernaculo.

257 888 341 927 Ave,
370 887 459 919 cuius
486 897 560 920 caro
586 889 654 921 nati

257 934 410 967 Crucifixi
437 938 470 966 et
492 936 617 969 humati

302 982 491 1025 Exsul-gens
517 984 672 1026 refloruit,

254 1032 330 1072 Ipse
354 1032 460 1064 salvet
484 1042 573 1065 suum
600 1042 739 1078 gregem,

256 1080 321 1112 Per
337 1082 368 1112 te
386 1083 534 1113 sternens
548 1082 661 1114 mortis
674 1092 793 1124 regem,

305 1128 404 1168 Quem
431 1138 492 1170 per
514 1138 641 1162 crucem
661 1131 793 1164 domuit.

253 1218 335 1258 Ave,
362 1216 465 1259 virgo,
493 1217 583 1249 cuius
608 1221 685 1250 nato

253 1266 291 1298 In
317 1265 460 1297 Iordane
486 1265 648 1306 baptizato

303 1313 410 1345 Patris
437 1322 498 1346 vox
524 1315 673 1355 intonuit,

253 1361 315 1401 Qui
339 1371 398 1401 per
424 1366 456 1394 te
480 1372 566 1395 nunc,
583 1363 640 1397 det.
655 1364 792 1396 salutem

254 1410 347 1443 Plebi
373 1420 450 1444 suae
476 1413 508 1442 et
533 1412 697 1453 virtutem,

302 1459 403 1499 Quam
429 1459 570 1492 vivendo
599 1460 718 1496 docuit.

253 1547 333 1588 Ave,
361 1547 456 1579 stella
482 1549 651 1588 matutina,

253 1596 314 1628 Per
340 1604 435 1636 quam
461 1597 582 1629 mundo
604 1598 791 1637 vespertina

298 1644 359 1676 Est
383 1646 479 1685 pulsa
502 1645 674 1687 maestitia,

252 1693 366 1726 Carnis
392 1695 522 1726 nostrae
547 1702 641 1726 saeco
668 1695 768 1728 scisso

249 1742 317 1775 Nos
344 1742 477 1774 eductos
506 1742 546 1774 de
571 1743 688 1782 abysso

299 1790 475 1824 Circumda
498 1791 634 1824 laetitia.

247 1881 329 1918 Ave,
357 1889 452 1920 quam
472 1878 565 1911 Iesus
593 1880 701 1911 evexit

246 1929 298 1962 De
322 1927 496 1968 pressuris,
523 1937 597 1960 nam
623 1929 767 1969 respexit

294 1977 439 2010 Mentem
464 1979 553 2008 tuam
579 1977 744 2020 humilem,

246 2027 465 2059 Terrenorum
490 2035 510 2057 a
534 2026 674 2058 tumultu

245 2075 314 2108 Nos
342 2074 506 2107 absconde
529 2077 584 2107 tuo
611 2075 701 2107 vultu

294 2124 431 2158 Hostem
456 2121 572 2164 fugans
598 2123 740 2164 vigilem.

246 2221 328 2264 Ave,
355 2219 436 2253 felix
461 2219 524 2252 Dei
547 2229 675 2264 parens,

246 2270 336 2310 Quae
359 2269 490 2310 peccati
514 2269 589 2303 labe
613 2278 727 2302 carens

295 2318 400 2351 Tanto
426 2317 549 2360 gaudes
573 2319 719 2360 pignore,

245 2367 452 2401 Intellectum
479 2367 550 2399 sine
575 2376 668 2400 mora

245 2415 365 2451 Confer
391 2419 424 2448 et
447 2425 507 2457 pro
533 2416 628 2449 nobis
653 2425 711 2448 ora

292 2464 484 2505 opportuno
508 2467 665 2507 tempore.

875 234 930 267 32.

870 562 926 595 33.

868 890 923 923 34.

866 1219 922 1251 35.

863 1548 918 1582 36.

862 2221 919 2254 38.

955 234 1037 276 Ave,
1065 236 1178 267 summi
1205 235 1296 267 verbi
1321 237 1434 279 mater,

957 283 1023 322 Quo
1048 282 1191 316 firmavit
1215 284 1320 316 caelos
1346 286 1449 325 pater,

1004 332 1089 372 Quos
1116 331 1246 365 ornavit
1272 332 1417 373 spiritus,

955 380 1019 411 Per
1045 382 1077 411 te
1102 380 1321 421 supplicantes
1347 380 1407 412 tibi

954 427 1057 460 Ponat
1082 437 1139 460 nos
1164 428 1300 461 heredes
1326 428 1388 461 sibi

1005 476 1152 508 Christus
1178 486 1198 509 a
1222 479 1254 508 te
1280 476 1417 517 genitus.

953 562 1034 603 Ave,
1061 562 1161 606 virgo,
1186 571 1281 602 quam
1305 563 1339 595 in
1364 562 1434 595 Deo

952 609 1062 643 Omnis
1087 614 1272 643 mansuetus
1299 620 1371 643 cum
1395 620 1451 644 reo

1003 658 1198 692 Collaudant
1219 659 1377 698 hilariter,

952 707 1097 750 Praesta,
1125 710 1160 739 ut
1185 707 1423 748 magnificemus

951 755 1070 787 Tecum
1096 756 1181 788 hune
1207 759 1240 787 et
1265 757 1440 789 exaltemus

1000 804 1124 836 Nomen
1152 805 1218 836 eius
1244 805 1379 844 pariter.

951 891 1033 932 Ave,
1062 891 1196 923 credens
1222 890 1378 930 Gabrieli,

950 939 988 971 In
1014 943 1048 971 te
1073 940 1177 971 carnis
1204 942 1254 971 est
1278 948 1335 972 rex
1362 941 1443 972 caeli

997 986 1134 1019 Indutus
1161 987 1275 1027 cilicio,

950 1035 1014 1066 Per
1039 1035 1123 1074 quod
1149 1043 1244 1067 saevo
1271 1038 1303 1067 et
1327 1038 1432 1067 astuto

951 1083 1045 1115 Victo
1069 1084 1177 1122 precis
1199 1086 1274 1115 tuae
1299 1087 1388 1116 scuto

997 1131 1100 1171 Tegat
1125 1141 1183 1164 nos
1208 1141 1228 1163 a
1252 1132 1342 1166 vitio.

949 1218 1030 1259 Ave,
1057 1218 1144 1250 vitae
1167 1217 1251 1259 fons,
1276 1219 1397 1260 Maria,

946 1267 1045 1307 Apud
1072 1270 1197 1306 patrem
1224 1276 1267 1308 ee,
1295 1277 1313 1299 o
1339 1267 1405 1310 pia,

996 1315 1088 1347 Intra
1114 1316 1196 1348 caeli
1220 1316 1315 1357 atria,

947 1362 1107 1396 Ubertate
1134 1364 1247 1396 domus
1271 1363 1337 1396 Dei

947 1411 1011 1444 Hie
1036 1421 1093 1445 nos
1119 1413 1220 1453 reple,
1246 1416 1284 1444 ut
1308 1412 1355 1444 sic
1381 1413 1410 1444 ei

994 1461 1169 1500 Iungamur
1193 1460 1228 1493 in
1251 1461 1371 1502 patria.

946 1548 1027 1588 Ave,
1055 1548 1146 1589 virgo
1173 1547 1322 1592 delicata,

944 1596 1054 1629 Mater
1078 1597 1163 1638 Iesu,
1190 1605 1251 1637 per
1276 1606 1370 1638 quem
1397 1597 1473 1630 data

994 1645 1103 1678 Omnis
1130 1645 1190 1677 tibi
1215 1646 1330 1688 gratia,

945 1694 983 1726 In
1007 1695 1174 1726 aeternum
1201 1702 1427 1727 conservemur

945 1742 1008 1774 Per
1033 1745 1074 1785 te,
1103 1745 1138 1774 ut
1156 1751 1219 1775 non
1237 1743 1486 1784 supplantemur

992 1790 1114 1825 Hostili
1141 1789 1284 1826 fallacia.

943 1879 1025 1920 Ave,
1054 1887 1136 1919 quae
1160 1887 1220 1919 per
1246 1877 1409 1911 Gabrielis

942 1925 1055 1960 Verba
1081 1936 1113 1959 es
1139 1925 1296 1960 transfixa
1321 1927 1394 1959 telis

990 1975 1158 2018 Supernae
1185 1976 1376 2016 dulcedinis,

943 2025 1007 2058 Per
1033 2034 1127 2066 quam
1152 2027 1284 2057 nostrae
1308 2024 1481 2057 sanitatem

946 2074 1044 2107 Carni
1071 2073 1113 2106 da
1139 2077 1171 2105 et
1196 2073 1377 2105 castitatem

994 2122 1125 2155 Pellens
1151 2122 1216 2155 vim
1241 2121 1435 2162 putredinis.

946 2220 1027 2263 Ave,
1057 2219 1145 2251 ouius
1168 2219 1232 2251 iam
1257 2218 1354 2251 beata

946 2269 1045 2309 Apud
1068 2271 1197 2308 patrem
1222 2269 1273 2299 est
1295 2268 1403 2301 locata

996 2317 1074 2350 Cum
1101 2315 1228 2349 Christo
1254 2316 1445 2358 substantia,

943 2365 1007 2398 Hic
1033 2365 1140 2398 adhuc
1165 2374 1222 2398 nos
1247 2365 1436 2408 peregrinos

943 2414 1012 2447 Deo
1038 2414 1172 2447 tandem
1197 2412 1249 2446 fac
1274 2415 1399 2448 vicinos

992 2463 1111 2496 Mortis
1136 2463 1171 2496 in
1195 2464 1361 2501 instantia,
