1655 2726
155 1187 176 1217 10

508 672 530 703 1.
559 672 727 704 Rosarium
748 672 786 704 de
806 672 957 704 Passione
978 671 1110 705 Domini.

183 874 190 880 .
217 850 299 889 Ave,
325 849 411 889 Iesu,
436 847 485 881 fili
509 848 583 890 Dei,

217 898 299 939 Ave,
325 896 412 929 salus
437 905 528 928 meae
553 896 632 940 spei,

266 944 380 977 Cordis
405 945 469 976 mei
494 946 656 986 gaudium,

218 992 332 1025 Dulcis
359 990 483 1025 fructus
508 993 588 1033 ligni
615 994 729 1035 cruciS‚

216 1041 284 1081 Quo
310 1039 462 1072 fruuntur
486 1049 582 1073 verae
606 1041 688 1073 lueis

266 1088 361 1122 Cives
384 1088 426 1120 ad
452 1088 616 1122 solacium.

182 1212 189 1218 .
216 1186 298 1228 Ave,
325 1194 395 1227 rex,
421 1185 476 1225 qui
501 1185 674 1224 postulasti

216 1234 281 1266 Pro
306 1242 367 1275 me,
395 1233 523 1273 quando
549 1233 757 1274 triumphasti

262 1281 301 1313 In
328 1281 431 1314 crucis
459 1282 643 1320 certamine,

215 1331 254 1363 In
280 1330 396 1362 timore
423 1331 464 1362 da
489 1330 623 1370 servire,

214 1378 430 1419 Disciplinam
455 1378 508 1411 fac
532 1378 642 1411 subire

262 1426 417 1467 Emptum
442 1430 497 1459 tuo
524 1427 688 1469 sanguine.

215 1524 289 1556 Ave
311 1524 397 1566 Iesu,
423 1524 478 1564 qui
504 1523 663 1565 dormisti,

219 1572 396 1612 Soporatus
422 1572 603 1614 surrexisti,

261 1620 346 1663 Vita,
374 1620 578 1663 resurrectio,

214 1670 278 1703 Die
301 1669 547 1701 resurrectionis

212 1717 360 1751 Maculas
387 1716 582 1750 confusionis

262 1766 333 1798 Tua
358 1769 465 1807 tergat
484 1766 605 1807 passio.

214 1865 298 1904 Ave,
323 1873 400 1904 pax,
424 1863 460 1895 in
484 1871 549 1903 qua
572 1862 745 1904 quiesoam,

213 1913 251 1946 In
280 1921 343 1952 qua
367 1912 488 1944 nullum
515 1912 752 1953 pertimescam,

264 1960 379 1994 Cordis
403 1961 467 1992 mei
491 1959 640 2001 nidulus3

213 2009 327 2043 Dulcis
352 2010 436 2052 Iesu,
462 2008 526 2042 tuis
553 2009 646 2042 donis

215 2059 332 2092 Flores
358 2062 433 2091 tuae
458 2057 617 2099 passionis

259 2107 360 2140 Fiant
384 2107 462 2139 mihi
487 2106 636 2141 lectulus.

213 2206 294 2245 Ave,
319 2213 389 2247 rex,
416 2203 468 2236 eui
493 2203 617 2244 astabo,

213 2253 273 2288 Cui
298 2253 456 2286 rationem
483 2251 567 2285 dabo

255 2301 306 2336 De
330 2302 453 2334 talento
480 2301 615 2344 credito,

211 2351 284 2384 Non
310 2354 359 2383 est
375 2359 499 2395 aurum,
522 2359 586 2383 non
604 2353 772 2391 argentum

208 2399 304 2440 Mihi,
333 2399 437 2432 crucis
462 2408 514 2432 me
538 2400 695 2432 talentum

256 2448 419 2483 Absolvat
443 2458 463 2481 a
489 2448 610 2483 debito.

792 773 820 807 Ι.

876 851 908 884 6.

846 2204 903 2238 10.

934 850 1016 891 Ave,
1042 858 1166 882 summa
1189 848 1360 891 medicina,

932 897 1219 930 Praestantissima
1243 897 1351 929 resina

980 946 1042 978 Tui
1067 947 1151 978 sacri
1177 945 1340 986 sanguinis

932 993 1018 1025 Mihi
1044 993 1142 1026 donet
1166 994 1336 1025 sanitatem

931 1041 977 1074 Et
1000 1044 1166 1075 consumat
1189 1041 1385 1085 qualitatem,

983 1089 1198 1130 Quantitatem
1227 1089 1380 1122 oriminis.

898 1211 906 1219 .
932 1186 1013 1226 Ave,
1036 1185 1136 1218 iudex
1159 1185 1313 1225 iudicate,

931 1234 1066 1273 Quando
1090 1233 1195 1275 gentis
1219 1233 1413 1274 reprobatae

980 1281 1101 1314 Subisti
1128 1281 1294 1319 iudicium,

931 1329 995 1364 Hic
1019 1339 1078 1362 nos
1102 1339 1187 1369 seca,
1212 1330 1265 1362 hio
1288 1339 1346 1362 nos
1371 1339 1439 1370 ure,

932 1378 983 1412 Ne
1006 1387 1065 1411 nos
1090 1378 1221 1411 ultionis
1249 1379 1350 1411 durae

981 1426 1163 1460 Sentiamus
1188 1427 1341 1469 gladium.

897 1550 905 1557 .
930 1524 1013 1566 Ave,
1039 1523 1163 1556 eaelum
1188 1523 1414 1562 rubicundum,

931 1572 1089 1606 Passione
1113 1572 1243 1614 replens
1268 1571 1422 1604 mundum

977 1620 1065 1653 Rore
1089 1622 1164 1653 tuae
1188 1621 1322 1664 gratiae,

930 1669 1108 1701 Vulnerum
1140 1678 1193 1702 me
1217 1669 1325 1701 stillae
1350 1669 1470 1701 ducant

930 1718 969 1752 In
994 1717 1057 1750 hoo
1079 1719 1161 1750 mari
1187 1719 1221 1749 et
1244 1718 1426 1758 perducant

978 1766 1032 1798 Ad
1056 1769 1184 1806 portum
1207 1765 1362 1801 laetitiae.

896 1889 905 1897 .
927 1862 1008 1906 Ave,
1034 1863 1091 1905 qui
1114 1862 1150 1895 in
1174 1861 1286 1895 schola
1310 1862 1423 1896 mundi

930 1911 1100 1952 Studuisti,
1129 1914 1164 1943 ut
1189 1909 1344 1943 confundi

978 1960 1085 1993 Possit
1110 1959 1219 1997 hostis,
1249 1960 1376 2001 capitur

930 2008 1035 2042 Hamo
1062 2009 1176 2049 crucis,
1203 2017 1309 2041 sermo
1335 2009 1449 2041 mortis

930 2057 1109 2100 Profertur,
1137 2056 1319 2090 succumbit
1342 2056 1448 2099 fortis,

978 2106 1033 2139 Sic
1058 2115 1111 2139 ars
1136 2111 1207 2139 arte
1233 2105 1371 2139 fallitur.

929 2204 1012 2246 Ave,
1037 2205 1124 2247 Iesu,
1150 2203 1306 2243 templum
1333 2202 1407 2243 Dei,

929 2252 1099 2293 Templum
1117 2254 1273 2296 sanctum,
1292 2251 1326 2283 in
1340 2261 1402 2292 quo
1423 2253 1470 2284 rei

977 2302 1223 2342 Consequuntur
1248 2300 1386 2344 veniam,

929 2350 1089 2384 Dextrum
1113 2350 1199 2382 latus
1225 2348 1424 2382 ministravit

927 2401 1066 2441 Aquam,
1094 2408 1175 2439 quae
1190 2400 1359 2439 peccatum
1378 2399 1468 2444 lavit,

981 2447 1126 2481 Contulit
1149 2448 1353 2482 munditiam.

1236 2504 1297 2536 14*
