1655 2726
528 565 555 597 8,
586 564 709 597 sertum
730 567 845 598 beatae
865 566 985 599 Mariae
1003 567 1039 598 V.

181 727 188 734 .
217 703 297 740 Ave,
327 702 415 734 mitis

267 750 354 783 oliva
378 751 512 795 gratiae,

218 798 316 831 Lenis
342 800 446 831 mater

264 846 518 887 misericordiae,

217 895 266 927 Tu
292 893 478 935 fomentum,

262 945 299 974 tu
323 942 411 975 salus
436 944 560 985 popuii,

216 991 266 1023 Tu
287 990 420 1022 lucerna

263 1038 363 1070 totius
389 1039 523 1081 saeculi,

311 1086 412 1126 Virgo
438 1094 562 1120 serena.

180 1180 187 1188 .
215 1154 296 1193 Ave,
322 1161 441 1194 parens

263 1202 357 1234 unius
383 1200 452 1244 filii,

215 1250 314 1290 Quem
340 1258 404 1282 non
429 1259 536 1282 macu-

260 1299 342 1332 lavit
365 1296 439 1331 faex
464 1299 545 1343 vitii,

213 1347 324 1381 Omnis
349 1347 462 1381 vivens

261 1398 395 1437 peccato
419 1396 538 1437 paruit,

216 1444 309 1477 Solus
333 1445 396 1477 iste

264 1495 357 1526 reatu
382 1492 497 1536 caruit,

311 1543 415 1574 mater
439 1550 583 1576 amoena.

178 1635 185 1643 .
212 1610 294 1652 Ave,
321 1609 406 1642 sacri

262 1657 354 1691 verbi
377 1666 548 1700 puerpera,

212 1707 281 1740 Nos
306 1707 340 1739 in
367 1706 434 1739 eius

263 1755 384 1789 virtute
408 1755 523 1797 libera,

212 1804 316 1837 Deum
341 1804 436 1845 placa

263 1862 356 1886 sacro
379 1853 576 1895 precamine,

213 1902 259 1936 Ut
282 1911 341 1934 nos
366 1902 470 1935 salvet

260 1951 295 1983 in
319 1960 378 1983 suo
403 1950 539 1996 nomine,

309 1999 408 2041 Virgo
433 2001 571 2033 sacrata.

177 2094 185 2103 ,
213 2068 295 2108 Ave,
322 2067 424 2109 virgo,

262 2124 345 2158 quae
370 2115 488 2157 degens
514 2117 647 2150 caelitus

210 2164 381 2206 Elongasti

259 2214 441 2247 mundanos
466 2215 632 2258 strepitus,

210 2263 296 2296 Dum
322 2265 357 2295 tu
381 2266 528 2296 sanctum

260 2311 380 2353 agebas
404 2311 515 2353 otium,

211 2361 303 2394 Tunc
327 2369 512 2402 supremum

259 2410 381 2444 audisti
404 2410 563 2452 nuntium,

307 2458 433 2500 Sponsa
455 2460 560 2493 beata.

171 2523 193 2546 D
199 2527 211 2544 r
217 2527 230 2544 e
237 2527 270 2544 ve
277 2525 290 2543 s
297 2536 303 2547 ,
319 2519 445 2543 Psalteria
459 2519 618 2548 Rhythmica.
649 2517 685 2542 11.

774 638 802 671 1.

853 706 884 738 5.
910 705 992 746 Ave,
1019 705 1120 748 virgo,

958 761 1019 793 per
1045 753 1133 786 cuius
1157 755 1306 787 meritum

909 801 1011 834 Dirae
1032 802 1145 834 mortis

958 851 1007 880 est
1028 850 1080 881 ius
1105 850 1270 890 abolitum,

912 899 958 931 Ut
982 898 1137 938 attingam

957 944 1064 977 lumen
1089 945 1275 981 viventium„

909 992 1007 1026 Pedis
1033 993 1097 1024 mei

957 1048 1034 1080 rege
1057 1040 1238 1080 vestigium,

1003 1088 1154 1121 Iustitiae
1179 1089 1254 1122 dux.

875 1180 881 1187 .
909 1156 988 1198 Ave,
1015 1156 1117 1198 virgo,

957 1203 1087 1236 Christo
1112 1211 1170 1235 nos
1196 1212 1367 1244 praepara,

907 1251 967 1292 Qui
993 1250 1098 1284 factus
1125 1254 1175 1283 est

954 1300 988 1331 in
1013 1300 1100 1341 ligno
1128 1298 1262 1341 cithara,

907 1348 967 1388 Qui
993 1348 1165 1381 tormentis

956 1397 1109 1429 astrictus
1135 1396 1235 1438 siluit,

906 1445 1019 1478 Donec
1044 1454 1190 1486 surgens,

957 1494 1028 1534 quis
1055 1497 1148 1534 esset,
1177 1493 1304 1532 claruit,

1002 1542 1164 1575 Laetitiae
1186 1543 1253 1576 lux.

873 1637 879 1643 .
906 1610 988 1654 Ave,
1018 1610 1106 1643 cuius

957 1659 1062 1691 earnis
1090 1659 1272 1692 substantia

906 1707 997 1740 Tulit
1019 1706 1123 1749 illum,

956 1757 1010 1796 qui
1037 1759 1152 1790 cuncta
1176 1757 1256 1791 vitia

904 1804 1011 1837 Diluit
1037 1807 1070 1837 et

953 1853 1103 1894 promisit
1128 1855 1246 1895 gaudia

905 1901 1119 1943 sequentibus

953 1949 1060 1991 ipsum
1085 1955 1176 1983 reeta
1198 1952 1261 1991 via,

1001 1999 1130 2032 Blanda
1155 2001 1313 2040 precanti.

872 2094 879 2102 .
905 2068 988 2108 Ave,
1015 2077 1075 2108 per
1099 2076 1194 2108 quam

952 2116 1083 2158 suscepi
1107 2116 1290 2160 Dominum,

905 2164 965 2205 Qui
990 2167 1139 2198 naturam

952 2213 1097 2255 suscepit
1120 2214 1293 2259 hominum,

906 2263 1003 2297 Cuius
1027 2262 1109 2294 lenis

951 2310 1176 2344 misericordia

904 2359 960 2392 Me
985 2359 1128 2401 suscepit

955 2416 1107 2441 concessa
1132 2410 1236 2451 venia,

1000 2456 1113 2490 Dulcis
1140 2460 1270 2492 amanti.

1226 2515 1261 2546 16
