1655 2726
750 148 1009 186 ——156—

222 247 302 281 480.
316 245 446 280 Domini
471 248 544 280 Iesu
571 246 680 279 divitis

317 296 421 328 Veras
448 296 554 328 dantis
582 295 711 328 divitias

321 344 421 376 Heres
446 344 510 375 tuis
535 343 594 375 sim
620 345 754 386 meritis,

319 392 426 436 Virgo,
456 392 603 424 dividens
622 393 753 434 gratias.

909 247 988 281 481.
1005 245 1133 278 Gratias
1158 251 1258 277 vanas
1285 241 1447 275 hominum

1003 294 1082 335 Tua,
1108 293 1225 332 Maria,
1251 292 1357 331 gratia

1002 343 1164 383 Respuam
1196 342 1332 380 propter
1355 338 1541 378 Dominum,

1007 390 1064 423 Cui
1090 389 1287 429 sempiterna
1311 387 1425 429 gloria.

566 460 647 493 482.
663 459 775 492 Gloria
800 459 870 502 tibi,
897 460 1015 503 regina,

660 509 844 548 Pauperum
870 506 1077 548 exspectatio,

663 556 763 595 Quam
788 555 967 588 substantia
994 554 1103 587 divina

663 605 844 637 Perlustrat
867 603 1049 645 privilegio.

223 760 304 792 483.
318 758 413 790 Dixit
435 759 469 790 in
495 767 530 789 se
553 757 726 797 insipiens:

318 806 455 839 Divitias
481 814 632 846 quaeram
657 806 778 846 mundi,

318 854 530 886 Denationem
555 854 701 885 nesciens

319 902 474 934 Thesauri
499 903 547 934 sui
574 901 704 935 abundi.

224 972 303 1003 484.
319 969 454 1002 Abundi
478 972 552 1000 sunt
575 970 687 1001 mundi
714 968 781 1001 doli

318 1017 363 1050 Et
386 1017 512 1050 dolores
540 1020 572 1048 et
595 1026 743 1059 pavores,

320 1065 396 1105 Quis
421 1074 472 1097 me
496 1065 590 1106 perdi
615 1065 684 1104 pati
707 1064 784 1104 noli,

318 1112 493 1146 Vivificans
518 1113 608 1153 virgo
633 1121 748 1145 mores,

223 1180 427 1215 485.Mores
452 1181 589 1212 latomus
614 1178 759 1212 foedavit

321 1228 375 1260 Ad
401 1228 571 1261 avaritiam
594 1231 726 1271 tractus,

322 1277 382 1316 Qui
407 1285 565 1317 pauperes
587 1285 711 1316 pauper
735 1275 835 1315 pavit,

323 1325 402 1357 Illos
427 1325 552 1364 sprevit
576 1324 665 1356 dives
690 1322 805 1357 factus

224 1391 444 1427 486.Factus
468 1391 546 1423 inde
569 1399 643 1423 reus
668 1391 736 1423 Deo

322 1440 511 1473 Fideiussor
536 1441 669 1471 eremita

322 1489 500 1520 Accusatus
527 1496 633 1519 coram
659 1496 695 1519 eo

322 1536 386 1568 Pro
412 1536 524 1568 latomi
549 1534 612 1567 fuit
633 1536 710 1568 vita.

225 1606 307 1638 487.
321 1604 436 1643 Itaque
460 1607 537 1635 tunc
560 1603 774 1642 reprehensus

323 1652 353 1684 A
376 1652 484 1684 iudice
509 1652 582 1684 Iesu
609 1650 737 1684 Christo

322 1700 387 1731 Per
411 1704 454 1740 te,
480 1699 596 1739 Maria,
625 1698 775 1732 defensus

322 1747 401 1780 Mox
427 1758 446 1780 a
472 1756 547 1779 casu
572 1745 635 1779 fuit
658 1748 731 1780 isto.

227 1817 308 1850 488.
325 1816 392 1848 Isto
416 1815 512 1847 modo
539 1815 632 1847 datus
657 1815 728 1855 tibi,

324 1864 372 1898 Ut
396 1864 574 1904 corriperet
595 1863 779 1904 superbum,

322 1912 527 1945 Annuntiaus
552 1911 624 1943 visa
649 1911 710 1943 sibi

322 1960 367 1993 Et
392 1960 505 1992 salutis
530 1968 608 1991 suae
634 1959 776 1992 verbum.

844 689 916 724 LII.

908 758 989 790 489.
1005 755 1146 789 Verbum
1172 756 1261 788 dives
1283 765 1347 788 non
1372 753 1507 786 audiens

1003 805 1181 838 Eremitam
1205 804 1281 836 hinc
1304 802 1458 844 reppulit,

1005 854 1102 893 Quem
1129 853 1260 894 angelus
1286 852 1448 892 accipiens

1007 904 1093 934 Ante
1119 901 1259 933 tribunal
1284 900 1424 932 sustulit.

910 971 989 1003 490.
1005 969 1094 1001 Tulit
1116 968 1352 1009 increpationes

1007 1017 1146 1049 Rursum
1172 1020 1283 1057 raptus
1309 1016 1483 1057 gravioreS‚

1007 1065 1071 1097 Sed
1097 1068 1167 1097 tuas
1193 1065 1353 1097 orationes

1006 1114 1157 1153 Percepit
1179 1112 1386 1147 salubriores.

911 1182 991 1214 491.
1007 1180 1032 1213 Ο
1059 1190 1110 1212 res
1137 1181 1277 1213 discreta
1298 1181 1483 1222 plurimum,

1005 1228 1182 1261 Eremitam
1205 1229 1376 1269 protexisti

1007 1276 1126 1317 Alium,
1156 1279 1284 1309 vertens
1309 1277 1483 1318 pessimum

1008 1325 1046 1357 In
1068 1334 1245 1365 pauperem
1262 1335 1388 1358 rursum
1407 1325 1540 1359 Christi.

912 1393 994 1425 492.
1010 1391 1129 1424 Christi
1153 1396 1256 1425 mater
1280 1396 1326 1436 tu,
1352 1394 1471 1434 Maria,

1009 1441 1130 1473 Ambos
1154 1441 1228 1473 Iesu
1252 1443 1410 1482 gratiores

1008 1488 1194 1522 Reddidisti
1218 1498 1294 1522 cura
1319 1491 1373 1532 pia

1009 1536 1063 1569 Ad
1088 1538 1194 1570 laudis
1218 1541 1294 1570 tuae
1317 1548 1474 1572 rumores,

914 1606 994 1638 493.
1008 1604 1117 1637 Mores
1144 1609 1176 1637 et
1199 1608 1235 1637 tu
1260 1616 1347 1640 meos
1372 1607 1457 1651 fove,

1009 1652 1059 1684 Ne
1076 1663 1147 1685 cum
1165 1654 1269 1686 turbis
1284 1659 1542 1697 corrumpantur,

1009 1701 1119 1743 Virgo,
1145 1706 1249 1734 mater
1271 1705 1373 1743 prolis
1397 1714 1511 1747 novae,

1011 1750 1074 1782 Per
1094 1760 1188 1791 quam
1207 1755 1321 1785 cuncta
1336 1757 1544 1790 renovantur.

916 1818 996 1850 494.
1010 1817 1219 1851 Renovantur
1244 1829 1304 1862 per
1327 1825 1361 1853 te
1385 1823 1479 1854 sedes

1011 1865 1186 1906 Dignitatis
1212 1870 1387 1910 angelicae,

1011 1914 1057 1946 Et
1080 1916 1138 1948 sub
1164 1919 1235 1948 tuos
1260 1919 1406 1951 sternunt
1432 1921 1533 1960 pedes

1011 1963 1127 2005 Angeli
1153 1974 1189 1997 se
1212 1966 1357 2001 mirifice.

570 2027 650 2060 495.
665 2026 805 2059 Mirifice
828 2030 1022 2061 mansuescit

665 2075 822 2107 Visitatus
847 2087 867 2109 a
891 2081 924 2109 te
949 2087 1032 2121 reus,

664 2124 728 2156 Per
752 2126 794 2160 te,
818 2124 935 2168 Maria,
961 2127 1102 2170 virescit,

666 2171 730 2203 Per
754 2174 787 2203 te
811 2174 915 2206 salvat
937 2175 1027 2207 illum
1053 2176 1151 2212 Deus.

839 2250 927 2285 LIII.

226 2320 308 2352 496.
322 2317 411 2350 Deus
435 2318 470 2350 in
494 2317 623 2350 nomine
646 2321 700 2350 tuo

323 2367 436 2400 Posuit
458 2375 606 2407 magnam
632 2366 794 2406 virtutem,

322 2415 367 2448 Ut
392 2415 554 2457 prolatum
579 2414 619 2446 ab
645 2415 773 2447 homine

321 2463 476 2497 Conferat
500 2463 531 2495 ei
551 2463 697 2497 salutem.

914 2323 994 2357 497.
1010 2322 1152 2357 Salutem
1177 2327 1280 2359 omnis
1305 2330 1432 2363 animae

1007 2372 1113 2406 Alieni
1140 2377 1368 2422 praepediunt,

1009 2419 1073 2454 Sed
1099 2421 1200 2455 fortes
1225 2429 1343 2458 nocent
1365 2427 1509 2467 minime,

1008 2468 1087 2502 Cum
1111 2472 1238 2504 Mariae
1263 2474 1328 2505 vim
1354 2476 1507 2509 sentiunt.
