1655 2726
656 121 916 158 —157-

126 218 207 252 498.
223 218 373 251 Sentiunt
399 219 462 251 iam
487 219 665 252 bonitatem
821 223 900 255 500.
915 223 1072 256 Precante
1098 231 1149 254 me
1174 225 1207 254 te
1229 222 1368 255 Mariam

222 266 371 299 Nominis
396 267 454 311 tui,
481 268 598 312 Maria,
914 271 1106 312 Intentoque
1129 280 1206 303 suae
1231 270 1319 303 laudi

223 316 387 357 Quotquot
410 315 485 348 Iesu
511 317 664 350 deitatem
915 318 993 359 Fac,
1024 319 1158 351 laudare
1183 317 1292 353 Iesum
1318 318 1428 361 sciam,

224 363 425 397 Confitentur
449 364 515 397 fide
536 365 601 406 pia.
917 366 962 400 Ut
988 367 1153 407 exaudiar,
1180 367 1306 400 exaudi.

126 432 208 466 499.
224 433 284 465 Pia
310 431 410 473 virgo,
438 432 493 474 pia
517 436 631 476 mater,
825 435 904 468 501.
918 434 1084 467 Exaudita
1108 435 1178 468 laus
1204 444 1223 467 a
1247 435 1317 467 Deo

223 480 285 515 Cui
300 480 382 522 laus,
408 481 513 514 honor
528 487 604 523 post
622 484 654 513 et
678 486 763 515 ante.
918 481 991 515 Non
1020 486 1077 522 est,
1104 483 1221 525 Maria,
1248 492 1389 522 reorum,

226 530 303 562 Pius
329 532 424 570 pater
449 529 493 563 sit
518 532 551 562 et
575 529 678 563 frater
920 530 992 563 Nisi
1017 531 1071 571 pie
1097 540 1203 563 coram
1230 540 1266 563 eo

226 577 329 611 Nobis
353 578 447 610 Iesus
472 580 505 610 te
530 581 695 619 precante.
919 579 1090 612 Advocata
1114 580 1157 611 sis
1183 588 1303 613 eorum.

478 648 558 680 502.
573 647 696 679 Horum
723 650 828 679 autem
853 647 943 679 Iesus
968 647 1041 687 pius

571 695 714 728 Inclinat
738 704 773 726 se
799 695 863 727 cito
887 695 989 735 laudi,

573 745 657 784 Quos
682 743 817 776 exaudis
842 744 896 783 pie
920 743 1019 787 prius,

571 791 675 833 Igitur
699 801 751 824 me
775 800 850 824 mox
877 792 1005 825 exaudi.

755 878 837 911 LIV.

128 948 209 980 503.
223 946 365 985 Exaudi,
387 949 502 986 mater,
529 948 676 978 orantem
824 947 906 979 509.
922 947 1115 979 Convertam
1139 954 1275 989 quoque,
1303 946 1421 986 Maria,

221 993 342 1026 Filium
368 993 553 1034 adoptionis
919 995 962 1027 Os
989 993 1032 1026 ad
1057 996 1090 1026 te
1115 993 1324 1033 laudationiS,

221 1042 267 1074 Et
292 1042 473 1083 supplicem
499 1044 533 1074 te
558 1043 745 1082 precantem
919 1042 970 1073 Ne
993 1050 1045 1073 me
1071 1042 1175 1074 calcet
1199 1042 1233 1073 in
1259 1042 1321 1074 hac
1346 1042 1399 1074 via

221 1090 295 1123 Non
321 1090 463 1130 repellas
488 1090 559 1122 sine
586 1089 689 1122 donis,
918 1088 1094 1123 Infernalis
1119 1099 1176 1130 pes
1205 1090 1393 1130 praedonis.

126 1158 324 1194 504.Donis
349 1158 425 1200 tuis,
453 1168 471 1191 o
496 1157 614 1198 Maria,
823 1158 904 1191 510.
917 1157 1023 1191 Donis
1048 1157 1293 1191 misericordiae

218 1206 330 1239 Alexii
355 1207 425 1239 laus
451 1206 608 1244 ascendit,
916 1206 1069 1245 Respiret
1093 1205 1317 1245 pusillanimis,

222 1255 322 1295 Quam
351 1255 455 1295 imago
480 1255 529 1286 tui
553 1254 610 1294 pia
918 1253 1039 1294 Quibus
1064 1254 1181 1286 mentis
1205 1254 1335 1294 inopiae

222 1303 353 1344 Templi
380 1303 507 1336 custodi
531 1301 726 1344 praetendit.
916 1302 1135 1345 Languorem,
1163 1302 1263 1343 virgo,
1290 1303 1453 1344 reprimis.

124 1373 205 1407 505.
220 1371 413 1405 Praetendit
438 1369 555 1404 adfans
579 1371 696 1402 iterum
822 1370 1080 1411 511.Reprimis
1105 1370 1292 1411 iniquitates

219 1420 394 1453 Hominem
419 1419 611 1459 devotionis,
916 1419 962 1451 Et
985 1419 1114 1451 labores
1139 1423 1176 1451 tu
1200 1418 1339 1462 mitiges,

222 1468 387 1509 Collegam
413 1477 483 1501 esse
508 1477 697 1510 pauperum,
916 1468 956 1500 In
982 1468 1129 1500 omnibus
1153 1470 1268 1508 potens
1294 1470 1396 1511 pates,

223 1516 289 1550 Sed
316 1516 434 1550 divinis
461 1515 592 1557 dignum
619 1516 721 1549 donis,
915 1516 1002 1556 Quae
1027 1515 1166 1549 Satanae
1191 1516 1256 1548 vim
1281 1516 1418 1557 adligas,

127 1587 208 1620 506.
222 1584 325 1617 Donis
351 1583 457 1625 gratia
480 1583 608 1617 Mariae
821 1584 900 1618 512.
915 1583 1052 1625 Adligas
1077 1592 1202 1625 quoque
1226 1584 1379 1617 virtutem

220 1633 277 1666 Bis
289 1633 515 1666 commendans
524 1635 670 1666 sanctum
678 1634 788 1674 istum,
917 1632 1140 1665 Satanicorum
1166 1632 1393 1674 membrorum,

221 1683 287 1715 Per
311 1690 441 1722 precem
467 1680 535 1713 eius
559 1680 657 1714 hodie
914 1680 965 1713 Ne
989 1681 1064 1714 Iesu
1088 1680 1192 1722 plebis
1216 1681 1356 1714 salutem

223 1731 324 1764 Placa
348 1730 428 1763 mihi
451 1730 558 1763 Iesum
585 1729 758 1764 Christum.
914 1729 1112 1770 Praepediat
1136 1730 1190 1763 lex
1215 1739 1334 1763 eorum.

126 1801 207 1835 507.
223 1799 388 1833 Christum
413 1807 570 1840 quaerens
596 1798 732 1831 Alexius
820 1797 899 1833 513.
914 1797 1035 1830 Eorum
1062 1797 1213 1830 sollerter
1237 1798 1336 1831 vitam

221 1848 328 1889 Terga
353 1847 453 1880 vertit
476 1846 589 1879 mundi
613 1847 707 1880 bonis
917 1846 1124 1886 Contempler
1148 1855 1187 1879 ac
1209 1847 1369 1890 prodigia,

221 1897 333 1938 Teque
356 1896 491 1938 pulsans
514 1896 591 1928 hinc
616 1895 745 1937 saepius
916 1894 979 1935 Qui
1002 1898 1036 1927 te
1059 1897 1223 1936 tamquam
1248 1895 1458 1936 margaritam

221 1946 318 1980 Hunc
343 1944 468 1978 invenit
492 1944 556 1977 tuis
584 1944 686 1978 donis.
915 1943 1112 1976 Invenerunt
1139 1953 1211 1976 cum
1235 1943 1349 1985 gloria.

126 2014 208 2049 508.
223 2013 327 2046 Donis
353 2013 450 2046 etiam
475 2013 623 2046 humanis
821 2013 901 2047 514.
919 2011 1033 2045 Gloria
1058 2011 1129 2051 tibi,
1155 2011 1273 2054 Maria,

221 2062 351 2096 Illicitis
377 2065 469 2103 terga
494 2067 620 2094 vertam
918 2062 981 2094 Per
1008 2069 1102 2102 quam
1127 2060 1238 2100 piatur
1262 2061 1391 2102 impius,

221 2111 440 2151 Omnibusque
463 2110 560 2143 rebus
582 2110 675 2143 vanis
919 2109 1017 2143 Cuius
1040 2109 1114 2150 ipse
1139 2109 1236 2141 laude
1260 2110 1316 2151 pia

219 2160 265 2194 Et
290 2160 332 2194 ad
352 2159 458 2193 Iesum
483 2168 535 2192 me
561 2162 757 2193 convertam.
914 2158 1066 2191 Maneam
1092 2157 1269 2190 solitarius.

755 2236 823 2271 LV.

127 2307 208 2342 515.
221 2305 394 2346 Miserere,
421 2305 524 2348 virgo,
550 2306 614 2338 mei
823 2304 904 2339 516.
919 2303 1066 2337 Vanitati
1088 2304 1210 2336 multae
1233 2303 1310 2338 dato

220 2354 273 2388 Ab
299 2354 429 2388 homine
455 2355 645 2396 conculcati,
917 2353 1038 2386 Fertur
1065 2352 1183 2385 bellum
1211 2355 1415 2399 occultatum,

222 2403 282 2443 Qui
308 2403 411 2445 legem
439 2403 554 2441 carnis,
582 2413 645 2436 non
671 2402 732 2435 Dei
919 2401 984 2434 Sed
1010 2409 1071 2443 me,
1098 2407 1212 2444 mater,
1242 2402 1328 2436 dulci
1353 2406 1429 2436 nato

221 2452 344 2488 Pandit
368 2452 476 2487 cordis
503 2452 650 2487 vanitati.
919 2450 1131 2485 commendes
1157 2451 1206 2484 sic
1222 2451 1456 2496 impugnatum.
