1655 2726
219 227 275 263 11.

221 556 278 590 12.

223 884 278 919 13.

222 1210 278 1243 14.

221 1537 279 1571 15.

222 1864 278 1899 16.

224 2202 278 2237 17.

748 129 986 166 Δ-53,.

302 226 426 269 Gaude,
435 237 569 271 gemma,
575 227 839 270 quaepraeferris

307 277 476 310 Universis
502 286 602 318 aeque
629 277 724 310 terris

350 326 395 358 Et
418 326 557 358 terrenis
582 326 739 365 omnibus,

304 374 424 406 Arcum
451 373 575 406 fraudis
600 373 802 406 intendentes

301 421 346 454 Et,
367 422 502 462 sagittas
526 422 707 462 pestilentis

348 469 453 502 Aufer
477 480 497 502 a
518 469 680 504 fidelibus,

307 556 429 597 Gaude,
454 557 649 589 consolatrix
674 555 738 596 pia,

301 605 417 638 Mundi
442 606 538 643 saluS,
567 605 653 637 vitae
676 603 738 644 via,

349 653 452 686 Tuum
476 661 555 694 roga
579 652 691 692 filium,

303 701 354 734 Ne
379 711 398 733 a
421 701 513 733 nobis
538 709 574 732 se
597 703 733 740 avertat,

304 748 370 782 Sed
397 748 539 781 dolorem
562 752 705 781 nostrum
731 750 837 781 vertat

351 797 389 829 In
414 797 544 829 salubre
568 797 729 838 gaudium.

306 883 430 926 Gaude,
456 892 516 923 per
541 892 633 923 quam
658 883 816 915 liberatur

302 931 355 964 Ab
382 940 493 964 errore
518 935 550 963 et
574 931 718 964 salvatur

353 980 493 1021 Populus
518 980 684 1021 insipiens,

302 1027 349 1060 Et
372 1029 407 1060 in
429 1027 541 1069 lingua
564 1031 596 1059 et
619 1027 653 1059 in
679 1027 776 1060 corde

303 1076 360 1109 Me
384 1075 425 1108 ab
451 1075 537 1107 omni
560 1076 680 1107 munda
704 1076 809 1114 sorde,

350 1123 415 1156 Per
439 1126 472 1155 te
496 1122 570 1156 fiam
595 1124 733 1163 sapiens

305 1209 427 1253 Gaude,
453 1210 559 1243 nostri
584 1218 714 1242 consors
738 1210 817 1249 limi,

304 1257 393 1297 Quae
418 1258 545 1290 habitas
569 1258 604 1290 in
629 1257 757 1291 sublimi

351 1306 414 1338 Dei
438 1305 658 1346 tabernaculo,

305 1353 392 1392 Quae
415 1354 450 1385 in
474 1356 582 1386 monte
606 1354 789 1394 requiescis,

302 1401 371 1436 Ubi
393 1410 511 1434 vernas
536 1405 569 1433 et
591 1402 722 1434 nitescis

352 1449 457 1483 Solari
481 1450 628 1482 amiculo.

306 1535 429 1578 Gaude,
456 1538 569 1575 mater,
595 1536 703 1577 proles
727 1538 784 1568 tua

304 1584 378 1617 Tibi
402 1585 620 1625 supplicantes
646 1593 704 1616 sua

353 1633 421 1665 Nos
448 1637 615 1665 conservet
638 1632 752 1673 gratia,

302 1681 390 1714 Deus
417 1683 466 1713 est
489 1681 671 1720 nostrisque
695 1680 787 1712 bonis

302 1728 377 1762 Non
403 1732 482 1771 eget,
509 1737 566 1760 nos
593 1728 659 1761 eius
686 1728 778 1761 donis

350 1777 395 1810 Et
420 1785 457 1809 eo
481 1786 541 1817 per
565 1776 680 1810 omnia.

306 1863 429 1904 Gaude,
456 1863 558 1905 virgo,
584 1863 678 1895 iubar
702 1871 834 1907 morum,

305 1913 353 1946 Te
377 1915 505 1944 moveat
528 1910 731 1944 adflictorum

354 1960 499 2001 Supplex
526 1960 720 2003 deprecatio,

305 2008 356 2042 Ne
383 2009 423 2041 de
447 2008 543 2041 rebus
569 2008 679 2041 otiosis

303 2057 348 2090 Et
374 2058 415 2090 de
438 2056 534 2089 labiis
561 2056 680 2089 dolosis

353 2106 475 2139 Nostra
498 2105 542 2137 sit
562 2105 674 2137 oratio.

307 2202 434 2245 Gaude,
462 2202 550 2234 cuius
574 2201 813 2242 munimentum,

305 2250 487 2294 Fortitudo,
515 2249 750 2283 firmamentum

353 2299 440 2332 Deus
465 2299 525 2332 Dei
549 2297 634 2331 filius

305 2347 446 2381 Exstans
459 2356 552 2380 omne
564 2356 624 2387 per
631 2349 836 2391 momentum,

306 2396 397 2429 Nulli
425 2397 465 2429 de
489 2399 755 2438 protoparentum

354 2444 463 2487 Stirpe
490 2445 581 2478 dedit
604 2444 752 2484 amplius

910 229 966 262 18.

909 556 963 590 19.

906 884 961 916 20.

906 1211 962 1245 21.

908 1866 963 1899 23.

909 2205 965 2238 24.

994 225 1118 271 Gaude,
1143 225 1324 261 sanctitatis
1349 222 1462 269 forma,

992 277 1171 309 Sanctitate
1194 287 1252 309 nos
1277 274 1424 316 informa,

1037 324 1089 358 Ne
1113 326 1240 365 peccati
1262 332 1361 358 onere

991 374 1070 407 Cum
1104 374 1265 413 perversis
1288 372 1520 413 pervertamur,

990 421 1057 455 Sed
1081 422 1124 454 ad
1148 422 1252 455 Deum
1278 420 1460 461 gradiamur

1037 470 1170 503 Directo
1195 470 1321 502 itinere.

992 555 1115 597 Gaude,
1143 556 1270 589 caelebs
1295 558 1327 587 et
1349 555 1481 595 intacta,

989 604 1065 637 Sine
1088 605 1158 637 viro
1184 613 1301 645 parens
1327 602 1414 635 facta

1036 653 1143 694 Regis,
1173 653 1260 685 cuius
1285 651 1418 692 gloriam

988 700 1057 740 Ipsi
1083 703 1268 734 enarrantes
1295 700 1385 740 caeli,

989 748 1117 781 Turbae
1141 749 1291 781 nuntiant
1313 746 1401 780 fideli

1035 796 1131 830 Fidei
1158 796 1346 830 constantia.

991 882 1113 926 Gaude,
1140 884 1230 924 virgo
1256 882 1438 923 singularis,

987 931 1050 964 Dei
1073 940 1190 972 parens
1217 939 1331 972 expers
1355 930 1454 971 paris,

1035 979 1104 1012 Nos
1128 980 1161 1011 in
1186 979 1247 1012 hac
1271 979 1400 1011 miseria

987 1025 1128 1068 Protege
1152 1037 1211 1068 per
1234 1035 1350 1060 nomen
1374 1028 1520 1059 sanctum

988 1074 1050 1107 Dei
1074 1076 1183 1118 Iacob,
1210 1076 1288 1107 tolle
1312 1075 1488 1118 planctum,

1036 1123 1130 1156 Tolle
1154 1132 1297 1165 quaeque
1321 1123 1440 1157 tristia.

990 1209 1113 1253 Gaude,
1138 1212 1239 1255 virgo,
1269 1211 1309 1243 de
1334 1211 1454 1243 virtute

989 1257 1108 1291 Sancta
1133 1260 1220 1291 cuius
1247 1262 1278 1291 et
1302 1259 1407 1291 salute

1036 1307 1107 1340 Rex
1130 1307 1272 1339 laetatur
1295 1316 1457 1351 superum,

992 1355 1088 1388 Cuius
1113 1353 1193 1387 facit
1217 1356 1358 1388 salutare

990 1402 1204 1435 Vehementer
1229 1403 1392 1436 exsultare

1039 1450 1212 1484 Sunamitis
1236 1461 1382 1492 puerum.

991 1537 1112 1581 Gaude,
1139 1539 1229 1579 virgo
1255 1540 1295 1572 de
1319 1543 1470 1581 respectu

988 1585 1052 1619 Dei
1074 1586 1154 1620 felix
1176 1588 1213 1620 in
1237 1587 1363 1629 effectu,

1036 1634 1114 1678 Fac,
1143 1639 1176 1667 ut
1201 1645 1259 1668 nos
1284 1636 1441 1677 respiciat

988 1682 1034 1715 Et
1058 1684 1208 1716 emundet
1232 1694 1253 1716 a
1275 1688 1459 1719 nostrorum

989 1731 1155 1764 Pravitate
1182 1733 1383 1775 delictorum,

1036 1779 1163 1812 Felices
1189 1779 1321 1816 efficiat.

992 1865 1115 1908 Gaude,
1142 1877 1237 1909 quam
1257 1869 1416 1903 Dominus
1443 1871 1529 1913 regit

990 1913 1036 1947 Et
1060 1925 1153 1956 quam
1179 1917 1231 1950 ala
1257 1919 1385 1952 Cherub
1411 1920 1502 1961 tegit,

1038 1964 1124 2004 Quae
1144 1965 1178 1997 in
1202 1965 1274 1999 loco
1300 1976 1441 2007 pascuae

990 2010 1152 2045 Uranicae
1178 2014 1346 2049 collocaris

991 2059 1037 2092 Et
1063 2061 1223 2096 caelorum
1249 2065 1478 2106 contemplaris

1039 2109 1171 2143 Arcana
1193 2115 1375 2154 perspicue.

995 2204 1119 2251 Gaude,
1151 2218 1269 2249 parens
1295 2211 1381 2252 regis
1407 2221 1528 2254 regum,

997 2253 1094 2288 Cuius
1121 2257 1286 2291 clientelas
1312 2260 1419 2301 legum

1041 2304 1153 2338 Minae
1176 2315 1242 2340 non
1267 2308 1456 2350 sollicitant,

993 2350 1089 2385 Cuius
1116 2357 1166 2386 est
1190 2355 1278 2388 orbis
1303 2359 1465 2390 terrarum

990 2399 1034 2432 Et
1060 2402 1228 2441 plenitudo
1259 2413 1368 2437 earum

1039 2448 1093 2494 Et,
1122 2460 1204 2491 quae
1227 2452 1262 2484 in
1287 2453 1338 2485 his
1360 2453 1519 2486 habitant.
