1655 2726
218 246 275 280 22.

214 853 269 885 23.

215 1457 270 1489 24.

209 2075 265 2109 25.

740 148 1001 183 -108—

288 245 444 278 Dominus
469 246 552 287 regit
575 246 734 278 saeculum

290 293 419 334 Virgam
443 296 554 325 tenens
579 297 611 325 et
634 294 793 334 baculum,

334 342 374 374 In
399 342 469 373 loco
495 350 571 373 suae
595 351 734 382 pascuae

287 389 431 421 Mensam
457 392 554 430 parat
579 393 611 421 et
634 390 787 430 pabulum

288 437 530 478 Pretiosumque
553 439 702 478 poculum

334 485 400 517 Pro
427 486 539 518 ovibus
567 495 662 519 curae
686 495 781 526 suae3

288 533 359 565 Suis
386 534 480 566 adest
504 535 632 567 assidue

288 582 331 614 Et
358 583 481 614 vexatis
506 583 681 623 incongrue

335 630 376 663 Se
409 630 544 670 praebet
568 630 843 672 propugnaculum

287 678 423 710 Pietatis
448 679 588 719 irriguae

287 726 363 758 Oleo
388 729 420 758 et
443 725 590 767 largiflue

334 774 401 806 Hos
410 775 612 816 impinguans
623 775 663 807 ad
671 775 840 807 cumulum.

284 851 415 883 Domini
441 854 490 883 est
515 854 603 883 terra
626 854 704 894 tota,

287 899 472 940 Cunctaque
497 902 572 931 sunt
597 900 627 931 ei
651 903 736 942 nota,

333 948 476 979 Vacuum
502 950 534 979 et
557 948 735 989 plenitudo,

286 996 339 1028 Ad
364 999 474 1027 nutum
501 996 589 1027 cuius
615 998 665 1027 est
688 999 774 1028 mota

285 1043 456 1084 Stelligera
482 1044 563 1075 caeli
588 1047 659 1075 rota

331 1091 557 1131 Distinctaque
581 1092 804 1135 pulchritud03

283 1139 384 1171 Manu
408 1140 474 1171 eius
501 1140 679 1179 amplitudo

283 1187 399 1219 Mundi
425 1190 475 1218 est
497 1187 565 1227 pila
589 1196 649 1227 pro
670 1187 747 1219 ludo

330 1235 376 1267 Et
400 1235 491 1275 quasi
513 1235 645 1267 minima
669 1235 745 1275 iota,

284 1282 349 1314 Sed
374 1282 513 1314 tenentis
538 1283 724 1323 magnitudo

284 1328 423 1371 Capitur
448 1333 479 1362 et
504 1329 660 1363 fortitudo

330 1378 371 1410 In
396 1381 503 1410 mente
527 1378 590 1410 sibi
617 1379 743 1411 devota.

285 1456 339 1488 Ad
366 1458 408 1497 te,
434 1455 581 1498 Domine,
608 1456 713 1488 levavi

281 1504 441 1544 Animam,
467 1512 527 1543 pro
553 1513 615 1544 qua
639 1504 779 1544 speravi,

330 1552 377 1585 Ut
400 1552 444 1584 sis
470 1552 499 1583 ei
524 1552 712 1592 subsidium,

283 1600 330 1633 Ut
351 1601 395 1632 sit
420 1600 448 1632 ei
472 1609 532 1640 pro
559 1600 704 1632 conclavi

281 1648 381 1680 Latus
406 1652 495 1680 tuum
522 1651 563 1690 et,
590 1657 651 1688 quo
676 1648 759 1680 clavi

329 1696 518 1736 Latuerunt,
544 1695 716 1737 refugium3

281 1745 306 1778 Ο
332 1745 517 1784 redemptor
539 1743 692 1785 fidelium,

283 1792 365 1832 Quid
394 1793 488 1833 digne
513 1793 711 1825 meritorium

329 1842 381 1874 Ad
409 1841 604 1881 sperandum
629 1841 690 1872 hoc
715 1841 813 1880 aravi,

282 1889 355 1922 Nisi
381 1890 457 1930 quia
480 1892 512 1920 te
537 1889 702 1921 brachium

280 1937 519 1970 Extendentem
546 1940 576 1969 et
601 1938 717 1970 ostium

327 1987 487 2028 Apertum
510 1984 737 2018 consideravi?

281 2074 395 2107 Iudica
418 2082 470 2105 me
493 2073 624 2114 iudicio,

279 2122 367 2155 Deus
393 2130 493 2165 meus,
520 2121 660 2163 propitio

330 2170 499 2203 Carentem
523 2170 716 2210 innocentia,

278 2219 353 2251 Non
378 2227 430 2251 me
453 2219 572 2261 perdas
599 2227 668 2250 cum
694 2218 801 2262 impio,

281 2267 345 2300 Sed
371 2267 484 2300 sedeat
509 2268 543 2299 in
567 2267 647 2299 solio

326 2316 390 2349 Pro
416 2325 468 2348 me
491 2315 732 2358 misericordia3

282 2364 434 2404 Sopiatur
458 2364 592 2405 iustitia,

280 2413 377 2445 Velut
402 2411 501 2446 faciat
525 2413 597 2457 alia,

329 2461 399 2494 Sibi
425 2463 519 2495 detur
545 2461 735 2501 commissio,

902 421 957 455 26.

900 1028 955 1059 27.

897 1621 952 1653 28.

898 2221 954 2253 29.

973 246 1057 278 Nam-
1081 247 1114 278 in
1139 256 1198 279 sua
1221 245 1405 287 praesentia

974 294 1067 327 Stare
1093 304 1162 326 oum
1188 294 1383 327 verecundia

1019 343 1117 375 Esset
1139 344 1219 375 mihi
1245 342 1398 376 confusio.

971 420 1137 461 Dominus,
1163 420 1361 452 illuminator

971 468 1064 501 Meus
1088 471 1124 500 tu
1149 477 1182 500 es
1209 472 1242 500 et
1265 468 1416 509 salvator,

1021 516 1118 555 Quem
1147 516 1266 549 debent
1282 516 1387 548 cuncti
1402 515 1525 557 timere,

971 565 1160 596 Animarum
1184 565 1332 596 visitator

971 612 1016 645 Et
1040 613 1184 645 cordium
1209 612 1381 650 habitator,

1019 661 1104 700 Quae
1128 661 1269 701 peccatis
1293 660 1356 692 scis
1380 668 1505 699 carere3

971 709 1076 742 Unum
1102 712 1188 749 peto,
1214 709 1367 740 miserere

971 757 1038 789 Reo
1064 757 1142 788 mihi
1168 760 1199 788 et
1224 757 1353 789 medere

1019 805 1094 838 Pius
1120 803 1224 837 factus
1250 806 1421 836 miserator

971 853 1100 893 Facque
1126 853 1235 893 culpas
1260 861 1347 884 meas
1372 850 1460 893 flere,

971 901 1017 934 Ut
1040 901 1100 933 tibi
1126 910 1237 941 queam
1263 901 1393 941 placere

1018 949 1087 981 Iam
1114 949 1301 981 emundatus
1327 951 1488 989 peccator.

969 1026 1024 1058 Ad
1048 1030 1091 1068 te,
1117 1025 1263 1069 Domine,
1291 1026 1430 1058 clamare

970 1074 1109 1114 Dignum
1135 1076 1183 1105 est
1209 1076 1241 1105 et
1264 1074 1407 1105 salutare

1017 1123 1055 1154 In
1079 1122 1184 1153 lacum
1209 1122 1495 1159 descendentibus;

968 1170 1020 1202 Ad
1048 1172 1081 1201 te
1107 1170 1219 1210 clamo,
1247 1178 1298 1201 me
1321 1170 1433 1202 iuvare

971 1217 1059 1249 Velis
1085 1220 1117 1249 et
1140 1226 1204 1249 non
1231 1218 1445 1250 condemnare

1018 1266 1096 1299 Cum
1121 1266 1206 1297 male
1230 1265 1446 1306 operantibus,

967 1313 1013 1345 Et
1036 1314 1064 1345 si
1091 1322 1160 1345 cum
1186 1314 1409 1353 peccatoribus

969 1361 1023 1394 Ad
1048 1365 1081 1392 te
1107 1361 1363 1394 exorbitantibus

1016 1409 1072 1441 Me
1098 1410 1260 1450 contingat
1284 1410 1358 1450 plus
1385 1418 1504 1451 errare,

968 1457 1135 1489 Revocans
1160 1458 1200 1490 ab
1228 1458 1390 1490 erroribus

967 1505 1049 1537 Mihi
1075 1506 1155 1537 velis
1181 1508 1214 1537 et
1237 1506 1383 1538 omnibus

1015 1553 1278 1586 Benedictionem
1306 1555 1393 1587 dare.

968 1620 1092 1653 Afferte
1116 1621 1253 1654 Domino
1280 1631 1370 1654 suum

968 1669 1099 1702 Gloriae
1123 1670 1172 1702 ius
1196 1673 1387 1711 perpetuum

1016 1717 1094 1750 Cum
1119 1718 1269 1751 laudibus
1296 1722 1328 1750 et
1352 1719 1484 1760 honore,

966 1766 1037 1798 Vox
1061 1767 1163 1806 ipsius
1188 1767 1365 1799 tonitruum

968 1813 1071 1855 Super
1097 1824 1176 1855 opus
1200 1815 1410 1856 incongruum

1017 1862 1208 1895 Concutiens
1234 1864 1268 1895 in
1297 1862 1415 1908 furore,

969 1911 1103 1951 voxque
1128 1921 1185 1944 sua
1213 1920 1284 1944 cum
1311 1913 1443 1945 dulcore

968 1958 1155 1992 Viventibus
1184 1960 1218 1991 in
1244 1969 1353 1993 amore

1015 2007 1061 2039 Et
1085 2016 1230 2040 connexu
1255 2008 1436 2052 affectuum,

967 2055 1129 2096 Quidquid
1154 2056 1220 2088 exit
1244 2066 1301 2090 suo
1327 2067 1392 2100 ore,

967 2103 1160 2136 Moderatur
1186 2114 1224 2137 ex
1250 2108 1365 2138 tenore

1017 2152 1224 2185 Obiectorum
1250 2153 1430 2189 affectuum.

968 2219 1128 2253 Exaltabo
1153 2224 1197 2262 te,
1223 2221 1371 2266 Domine,

969 2267 1005 2300 Si
1030 2269 1174 2301 exaltare
1200 2271 1342 2303 carmine

1016 2317 1064 2349 Te
1088 2326 1202 2358 queam
1226 2319 1322 2352 modo
1351 2320 1469 2362 debito,

970 2364 1035 2397 Sed
1060 2375 1124 2398 non
1150 2370 1200 2399 est
1222 2367 1293 2399 laus
1317 2368 1353 2401 in
1377 2369 1516 2411 homine,

968 2413 1041 2446 Nisi
1068 2414 1108 2447 de
1132 2417 1186 2448 tuo
1212 2416 1333 2448 lumine

1015 2462 1171 2496 Derivata
1195 2465 1355 2510 gratuito3
