1655 2726
168 213 224 247 39.
252 214 334 254 Ave,
362 223 423 256 per
448 224 542 256 quam

163 737 220 771 41.

156 1182 213 1215 42.

154 1630 212 1662 43.

152 2079 209 2111 44,

299 271 398 304 super
422 273 481 296 nos
509 264 624 297 claruit

249 310 311 343 Ille
335 311 502 355 splendor,

299 369 393 401 quem
418 367 513 401 pater
538 363 658 404 genuit,

248 407 341 449 Roga
364 408 538 453 Christum,

298 459 334 488 ut
360 457 427 489 eius
456 458 591 491 dextera

250 504 360 538 Plebis
384 508 460 538 tuae

298 558 453 595 regantur
479 564 588 597 opera,

344 602 479 637 Consilii
504 613 568 637 rOS.

248 738 329 778 Ave,
356 738 475 779 palma,

293 786 419 828 signum
443 787 609 828 victoriae,

247 834 336 874 Quae
363 835 470 867 vicisti

293 883 385 924 signa
407 883 561 924 malitiae,

244 930 352 964 Silvae
376 931 498 972 lignum

295 979 402 1012 cedris
429 980 597 1021 excelsior,

245 1027 334 1059 Caeli
360 1027 481 1059 sanctis

289 1078 326 1106 tu
351 1075 420 1107 sola
446 1074 598 1117 sanctior,

338 1123 463 1157 cedrus
489 1123 599 1155 odora.

240 1183 321 1221 Ave,
351 1181 392 1214 de
417 1190 481 1221 qua

291 1230 440 1262 decorem
464 1228 571 1262 induit

241 1278 313 1311 Rex
340 1279 487 1319 decorus,

289 1336 384 1368 quem
409 1326 456 1358 nil
483 1325 645 1366 dedecuit,

241 1375 303 1415 Qui
328 1378 361 1408 te
386 1373 466 1407 fecit

290 1432 329 1456 ex
357 1423 440 1457 dono
466 1422 590 1465 gratiae

242 1472 426 1513 Speciosam

291 1521 331 1553 de
354 1530 413 1553 sua
437 1521 558 1561 speeie,

338 1569 473 1603 Gemma
499 1569 625 1602 decora.

238 1628 320 1671 Ave,
350 1627 429 1660 felix

287 1676 351 1709 Dei
376 1676 566 1715 domestica,

241 1724 362 1758 Christi
387 1724 489 1757 verba

288 1772 458 1806 conferens
480 1772 627 1816 mystica,

238 1822 337 1862 Quam
366 1822 407 1855 de
432 1831 535 1855 novae

286 1871 367 1912 legis
392 1871 547 1912 mysterio

237 1919 392 1953 Erudivit

286 1968 435 2001 caelestis
460 1967 580 2008 unctio,

333 2017 460 2058 Regula
482 2026 617 2050 morum.

238 2077 319 2117 Ave,
348 2075 437 2108 cuius

286 2133 391 2157 sermo
416 2123 590 2158 mellifluus

234 2173 274 2206 In
300 2173 471 2214 psallendo

287 2221 349 2254 fuit
374 2222 533 2265 assiduus,

236 2270 341 2303 Deum
366 2270 515 2313 laudans,

282 2329 345 2352 non
372 2319 437 2352 oris
463 2320 569 2361 sibilo,

234 2369 300 2402 Sed
324 2368 441 2402 affectu

284 2420 317 2450 et
342 2417 449 2451 cordis
474 2417 585 2460 iubilo,

333 2467 456 2501 Forma
479 2467 649 2500 bonorum.

688 120 948 156 -245-

862 220 918 253 40.

858 741 915 773 45.

855 1182 912 1215 46.

849 1627 906 1661 47.

848 2075 905 2109 48.

944 220 1024 265 Ave,
1052 221 1167 264 pudor,

992 277 1086 310 quem
1113 269 1195 302 dena
1221 269 1324 301 milies

944 317 1139 358 Angelorum

993 364 1125 398 vallavit
1149 366 1245 405 acies,

944 412 1004 452 Qui
1030 412 1160 445 timores

991 463 1165 493 nocturnos
1194 461 1361 505 pellerent,

941 509 1061 541 Hostes
1085 510 1135 541 tui

991 567 1011 589 a
1037 557 1159 589 dextris
1185 557 1349 598 caderent,

1036 605 1221 639 Munditiae
1243 604 1313 640 flos.

940 740 1022 782 Ave,
1049 748 1130 780 quae
1152 748 1238 772 nunc

988 789 1021 820 in
1046 787 1143 820 laude
1167 788 1295 830 iubilas,

942 836 1059 870 Coram
1082 835 1151 868 Deo

988 892 1068 924 prae
1094 885 1217 916 cunctis
1243 885 1366 924 rutilas,

943 933 1084 965 Pulchra
1109 941 1216 972 carne,

987 981 1045 1013 sed
1070 981 1171 1021 magis
1197 980 1325 1023 spiritu,

941 1029 977 1060 In
1005 1028 1135 1060 caelesti

987 1085 1104 1108 vernas
1131 1076 1284 1118 exercitu,

1034 1124 1120 1156 Vera
1145 1124 1287 1156 lucerna.

938 1181 1020 1222 Ave,
1045 1189 1106 1222 per
1130 1190 1225 1221 quam

986 1238 1021 1261 se
1045 1230 1165 1262 mundo
1191 1233 1316 1262 reserat

936 1277 1009 1310 Lux
1035 1280 1177 1319 aeterna,

984 1334 1066 1367 quae
1090 1326 1195 1359 lucem
1221 1324 1353 1365 fecerat,

937 1374 1016 1407 Orta
1040 1374 1124 1407 iusto

983 1423 1039 1455 lux
1064 1423 1167 1455 noctis
1193 1422 1303 1455 nescia

934 1471 1037 1504 Recto
1064 1471 1163 1504 corde

982 1519 1109 1553 refudit
1133 1519 1261 1561 gaudia,

1030 1568 1133 1602 Porta
1156 1576 1306 1611 superna.

932 1628 1013 1670 Ave,
1040 1627 1115 1659 novi

982 1675 1145 1708 cantatrix
1170 1675 1299 1716 cantici,

936 1723 1061 1757 Canens
1088 1726 1192 1756 ortum

983 1772 1130 1804 caelestis
1156 1771 1284 1815 medici,

931 1821 1058 1862 Lingua
1081 1820 1187 1852 Deum

980 1868 1061 1902 foris
1087 1868 1283 1910 magnificat,

933 1917 1010 1950 Cum
1038 1926 1073 1950 se
1097 1917 1186 1950 Deus

980 1967 1014 1999 in
1039 1970 1073 1999 te
1095 1965 1256 2010 mirificat,

1028 2015 1124 2048 Pacis
1148 2015 1288 2047 alumna.

930 2075 1013 2115 Ave,
1042 2072 1161 2106 Christi

980 2122 1157 2156 scabellum
1183 2121 1302 2162 nobile,

929 2172 1031 2204 Manu
1055 2170 1117 2204 Dei

980 2219 1103 2253 factum
1129 2218 1287 2259 mirabile,

931 2269 970 2301 In
995 2278 1058 2310 qua
1082 2268 1201 2308 pedem

978 2318 1129 2350 maiestas
1155 2316 1273 2359 posuit,

929 2367 1010 2400 Cum
1035 2374 1072 2398 se
1094 2365 1248 2398 membris

979 2414 1126 2447 humanis
1151 2414 1268 2453 induit,

1026 2463 1157 2496 Summa
1182 2462 1340 2497 columna.
