<?xml version="1.0" encoding="UTF-8"?>
<!DOCTYPE html PUBLIC "-//W3C//DTD XHTML 1.0 Transitional//EN"
    "http://www.w3.org/TR/xhtml1/DTD/xhtml1-transitional.dtd">
<html xmlns="http://www.w3.org/1999/xhtml" xml:lang="en" lang="en">
 <head>
  <title>
</title>
<meta http-equiv="Content-Type" content="text/html;charset=utf-8" />
  <meta name='ocr-system' content='tesseract 3.04.00' />
  <meta name='ocr-capabilities' content='ocr_page ocr_carea ocr_par ocr_line ocrx_word'/>
</head>
<body>
  <div class='ocr_page' id='page_1' title='image "./analectahymnica36drevuoft_00173.png"; bbox 0 0 1655 2726; ppageno 0'>
   <div class='ocr_carea' id='block_1_1' title="bbox 760 141 1021 177">
    <p class='ocr_par' dir='ltr' id='par_1_1' title="bbox 760 141 1021 177">
     <span class='ocr_line' id='line_1_1' title="bbox 760 141 1021 177; baseline -0.004 0"><span class='ocrx_word' id='word_1_1' title='bbox 760 141 1021 177; x_wconf 82' lang='lat'>—170—</span> 
     </span>
    </p>
   </div>
   <div class='ocr_carea' id='block_1_2' title="bbox 231 238 860 417">
    <p class='ocr_par' dir='ltr' id='par_1_2' title="bbox 231 238 860 417">
     <span class='ocr_line' id='line_1_2' title="bbox 231 238 664 281; baseline 0 -11"><span class='ocrx_word' id='word_1_2' title='bbox 231 238 307 273; x_wconf 80' lang='lat'>¹742.</span> <span class='ocrx_word' id='word_1_3' title='bbox 325 238 478 281; x_wconf 73' lang='lat' dir='ltr'>Vir-iliter,</span> <span class='ocrx_word' id='word_1_4' title='bbox 505 246 523 269; x_wconf 91' lang='lat' dir='ltr'>o</span> <span class='ocrx_word' id='word_1_5' title='bbox 549 238 664 279; x_wconf 84' lang='lat' dir='ltr'>Maria,</span> 
     </span>
     <span class='ocr_line' id='line_1_3' title="bbox 324 287 860 330; baseline 0 -11"><span class='ocrx_word' id='word_1_6' title='bbox 324 287 387 319; x_wconf 90' lang='lat' dir='ltr'>Per</span> <span class='ocrx_word' id='word_1_7' title='bbox 409 289 442 318; x_wconf 88' lang='lat' dir='ltr'>te</span> <span class='ocrx_word' id='word_1_8' title='bbox 468 288 587 318; x_wconf 84' lang='lat' dir='ltr'>certem</span> <span class='ocrx_word' id='word_1_9' title='bbox 610 295 680 318; x_wconf 90' lang='lat' dir='ltr'>cum</span> <span class='ocrx_word' id='word_1_10' title='bbox 699 290 860 330; x_wconf 79' lang='lat' dir='ltr'>serpente,</span> 
     </span>
     <span class='ocr_line' id='line_1_4' title="bbox 323 332 737 374; baseline 0.007 -9"><span class='ocrx_word' id='word_1_11' title='bbox 323 334 468 374; x_wconf 84' lang='lat' dir='ltr'>Vigilans</span> <span class='ocrx_word' id='word_1_12' title='bbox 494 332 599 366; x_wconf 85' lang='lat' dir='ltr'>feram</span> <span class='ocrx_word' id='word_1_13' title='bbox 625 335 658 366; x_wconf 91' lang='lat' dir='ltr'>in</span> <span class='ocrx_word' id='word_1_14' title='bbox 687 336 737 368; x_wconf 89' lang='lat' dir='ltr'>via</span> 
     </span>
     <span class='ocr_line' id='line_1_5' title="bbox 322 383 805 417; baseline 0.004 -2"><span class='ocrx_word' id='word_1_15' title='bbox 322 383 434 415; x_wconf 87' lang='lat' dir='ltr'>Annos</span> <span class='ocrx_word' id='word_1_16' title='bbox 459 386 606 415; x_wconf 85' lang='lat' dir='ltr'>aeternos</span> <span class='ocrx_word' id='word_1_17' title='bbox 630 384 665 415; x_wconf 93' lang='lat' dir='ltr'>in</span> <span class='ocrx_word' id='word_1_18' title='bbox 689 387 805 417; x_wconf 83' lang='lat' dir='ltr'>mente.</span> 
     </span>
    </p>
   </div>
   <div class='ocr_carea' id='block_1_3' title="bbox 231 459 814 643">
    <p class='ocr_par' dir='ltr' id='par_1_3' title="bbox 231 459 814 643">
     <span class='ocr_line' id='line_1_6' title="bbox 231 459 814 501; baseline 0 -9"><span class='ocrx_word' id='word_1_19' title='bbox 231 460 310 493; x_wconf 77' lang='lat'>743.</span> <span class='ocrx_word' id='word_1_20' title='bbox 325 459 436 492; x_wconf 83' lang='lat' dir='ltr'>Mente</span> <span class='ocrx_word' id='word_1_21' title='bbox 460 459 556 501; x_wconf 89' lang='lat' dir='ltr'>laeta,</span> <span class='ocrx_word' id='word_1_22' title='bbox 583 469 679 492; x_wconf 89' lang='lat' dir='ltr'>carne</span> <span class='ocrx_word' id='word_1_23' title='bbox 703 464 814 501; x_wconf 85' lang='lat' dir='ltr'>spreta</span> 
     </span>
     <span class='ocr_line' id='line_1_7' title="bbox 321 507 749 551; baseline 0.002 -12"><span class='ocrx_word' id='word_1_24' title='bbox 321 507 376 539; x_wconf 88' lang='lat' dir='ltr'>Ad</span> <span class='ocrx_word' id='word_1_25' title='bbox 402 510 443 548; x_wconf 86' lang='lat' dir='ltr'>te,</span> <span class='ocrx_word' id='word_1_26' title='bbox 470 507 587 549; x_wconf 86' lang='lat' dir='ltr'>Maria,</span> <span class='ocrx_word' id='word_1_27' title='bbox 615 509 749 551; x_wconf 83' lang='lat' dir='ltr'>veniam,</span> 
     </span>
     <span class='ocr_line' id='line_1_8' title="bbox 324 555 763 600; baseline 0.007 -14"><span class='ocrx_word' id='word_1_28' title='bbox 324 555 371 589; x_wconf 92' lang='lat' dir='ltr'>Ut</span> <span class='ocrx_word' id='word_1_29' title='bbox 397 555 512 588; x_wconf 89' lang='lat' dir='ltr'>doceas</span> <span class='ocrx_word' id='word_1_30' title='bbox 536 564 587 587; x_wconf 91' lang='lat' dir='ltr'>me</span> <span class='ocrx_word' id='word_1_31' title='bbox 614 556 763 600; x_wconf 88' lang='lat' dir='ltr'>discreta,</span> 
     </span>
     <span class='ocr_line' id='line_1_9' title="bbox 324 604 782 643; baseline 0.004 -8"><span class='ocrx_word' id='word_1_32' title='bbox 324 604 455 643; x_wconf 82' lang='lat' dir='ltr'>Quando</span> <span class='ocrx_word' id='word_1_33' title='bbox 481 604 587 636; x_wconf 88' lang='lat' dir='ltr'>Iesum</span> <span class='ocrx_word' id='word_1_34' title='bbox 610 605 782 637; x_wconf 90' lang='lat' dir='ltr'>inveniam.</span> 
     </span>
    </p>
   </div>
   <div class='ocr_carea' id='block_1_4' title="bbox 230 680 803 865">
    <p class='ocr_par' dir='ltr' id='par_1_4' title="bbox 230 680 803 865">
     <span class='ocr_line' id='line_1_10' title="bbox 230 680 774 723; baseline 0 -10"><span class='ocrx_word' id='word_1_35' title='bbox 230 681 308 714; x_wconf 86' lang='lat'>744.</span> <span class='ocrx_word' id='word_1_36' title='bbox 325 681 490 714; x_wconf 85' lang='lat' dir='ltr'>Inveniam</span> <span class='ocrx_word' id='word_1_37' title='bbox 516 680 622 712; x_wconf 88' lang='lat' dir='ltr'>Iesum</span> <span class='ocrx_word' id='word_1_38' title='bbox 648 690 707 721; x_wconf 90' lang='lat' dir='ltr'>per</span> <span class='ocrx_word' id='word_1_39' title='bbox 731 684 774 723; x_wconf 91' lang='lat' dir='ltr'>te,</span> 
     </span>
     <span class='ocr_line' id='line_1_11' title="bbox 323 728 765 769; baseline 0.005 -9"><span class='ocrx_word' id='word_1_40' title='bbox 323 728 382 769; x_wconf 81' lang='lat' dir='ltr'>Qui</span> <span class='ocrx_word' id='word_1_41' title='bbox 407 729 527 768; x_wconf 85' lang='lat' dir='ltr'>placito</span> <span class='ocrx_word' id='word_1_42' title='bbox 553 732 586 760; x_wconf 91' lang='lat' dir='ltr'>te</span> <span class='ocrx_word' id='word_1_43' title='bbox 610 737 765 769; x_wconf 89' lang='lat' dir='ltr'>responso</span> 
     </span>
     <span class='ocr_line' id='line_1_12' title="bbox 321 776 785 819; baseline 0.002 -11"><span class='ocrx_word' id='word_1_44' title='bbox 321 776 475 819; x_wconf 82' lang='lat' dir='ltr'>Exaudit,</span> <span class='ocrx_word' id='word_1_45' title='bbox 505 780 540 808; x_wconf 80' lang='lat' dir='ltr'>ut</span> <span class='ocrx_word' id='word_1_46' title='bbox 564 778 663 809; x_wconf 88' lang='lat' dir='ltr'>credo</span> <span class='ocrx_word' id='word_1_47' title='bbox 688 781 785 817; x_wconf 83' lang='lat' dir='ltr'>certe,</span> 
     </span>
     <span class='ocr_line' id='line_1_13' title="bbox 322 824 803 865; baseline 0 -8"><span class='ocrx_word' id='word_1_48' title='bbox 322 824 367 857; x_wconf 89' lang='lat' dir='ltr'>Et</span> <span class='ocrx_word' id='word_1_49' title='bbox 389 826 496 865; x_wconf 89' lang='lat' dir='ltr'>palam</span> <span class='ocrx_word' id='word_1_50' title='bbox 522 827 555 856; x_wconf 86' lang='lat' dir='ltr'>et</span> <span class='ocrx_word' id='word_1_51' title='bbox 578 826 611 857; x_wconf 89' lang='lat' dir='ltr'>in</span> <span class='ocrx_word' id='word_1_52' title='bbox 637 826 803 858; x_wconf 86' lang='lat' dir='ltr'>absconso.</span> 
     </span>
    </p>
   </div>
   <div class='ocr_carea' id='block_1_5' title="bbox 231 902 859 1079">
    <p class='ocr_par' dir='ltr' id='par_1_5' title="bbox 231 902 859 1079">
     <span class='ocr_line' id='line_1_14' title="bbox 231 902 697 942; baseline -0.002 -7"><span class='ocrx_word' id='word_1_53' title='bbox 231 903 310 936; x_wconf 80' lang='lat'>745.</span> <span class='ocrx_word' id='word_1_54' title='bbox 327 902 493 935; x_wconf 88' lang='lat' dir='ltr'>Consolari</span> <span class='ocrx_word' id='word_1_55' title='bbox 517 902 597 934; x_wconf 83' lang='lat' dir='ltr'>velis</span> <span class='ocrx_word' id='word_1_56' title='bbox 623 910 697 942; x_wconf 82' lang='lat' dir='ltr'>ergo</span> 
     </span>
     <span class='ocr_line' id='line_1_15' title="bbox 322 950 834 991; baseline -0.004 -8"><span class='ocrx_word' id='word_1_57' title='bbox 322 950 388 983; x_wconf 88' lang='lat' dir='ltr'>Per</span> <span class='ocrx_word' id='word_1_58' title='bbox 411 950 527 989; x_wconf 88' lang='lat' dir='ltr'>Iesum,</span> <span class='ocrx_word' id='word_1_59' title='bbox 557 959 626 982; x_wconf 90' lang='lat' dir='ltr'>cum</span> <span class='ocrx_word' id='word_1_60' title='bbox 654 950 834 991; x_wconf 85' lang='lat' dir='ltr'>desolabor,</span> 
     </span>
     <span class='ocr_line' id='line_1_16' title="bbox 323 998 859 1041; baseline 0.002 -11"><span class='ocrx_word' id='word_1_61' title='bbox 323 998 388 1036; x_wconf 78' lang='lat' dir='ltr'>Me.</span> <span class='ocrx_word' id='word_1_62' title='bbox 416 998 470 1038; x_wconf 86' lang='lat' dir='ltr'>qui</span> <span class='ocrx_word' id='word_1_63' title='bbox 494 1001 601 1030; x_wconf 90' lang='lat' dir='ltr'>mente</span> <span class='ocrx_word' id='word_1_64' title='bbox 626 998 667 1030; x_wconf 87' lang='lat' dir='ltr'>ad</span> <span class='ocrx_word' id='word_1_65' title='bbox 693 1002 726 1030; x_wconf 91' lang='lat' dir='ltr'>te</span> <span class='ocrx_word' id='word_1_66' title='bbox 748 1007 859 1041; x_wconf 78' lang='lat' dir='ltr'>pergo,</span> 
     </span>
     <span class='ocr_line' id='line_1_17' title="bbox 324 1045 779 1079; baseline 0.002 -1"><span class='ocrx_word' id='word_1_67' title='bbox 324 1045 366 1078; x_wconf 82' lang='lat' dir='ltr'>Ut</span> <span class='ocrx_word' id='word_1_68' title='bbox 393 1046 468 1077; x_wconf 84' lang='lat' dir='ltr'>hinc</span> <span class='ocrx_word' id='word_1_69' title='bbox 489 1045 547 1077; x_wconf 88' lang='lat' dir='ltr'>fiat</span> <span class='ocrx_word' id='word_1_70' title='bbox 570 1046 652 1078; x_wconf 84' lang='lat' dir='ltr'>levis</span> <span class='ocrx_word' id='word_1_71' title='bbox 676 1046 779 1079; x_wconf 86' lang='lat' dir='ltr'>labor.</span> 
     </span>
    </p>
   </div>
   <div class='ocr_carea' id='block_1_6' title="bbox 924 234 1476 425">
    <p class='ocr_par' dir='ltr' id='par_1_6' title="bbox 924 234 1476 425">
     <span class='ocr_line' id='line_1_18' title="bbox 924 234 1458 275; baseline -0.011 -4"><span class='ocrx_word' id='word_1_72' title='bbox 924 240 1001 273; x_wconf 84' lang='lat'>746.</span> <span class='ocrx_word' id='word_1_73' title='bbox 1016 237 1125 271; x_wconf 81' lang='lat' dir='ltr'>Labor</span> <span class='ocrx_word' id='word_1_74' title='bbox 1149 235 1265 267; x_wconf 82' lang='lat' dir='ltr'>mentis</span> <span class='ocrx_word' id='word_1_75' title='bbox 1291 234 1458 275; x_wconf 85' lang='lat' dir='ltr'>mitigatur</span> 
     </span>
     <span class='ocr_line' id='line_1_19' title="bbox 1015 282 1438 324; baseline -0.012 -5"><span class='ocrx_word' id='word_1_76' title='bbox 1015 285 1181 319; x_wconf 82' lang='lat' dir='ltr'>Laudibus</span> <span class='ocrx_word' id='word_1_77' title='bbox 1206 284 1270 315; x_wconf 87' lang='lat' dir='ltr'>tuis</span> <span class='ocrx_word' id='word_1_78' title='bbox 1298 282 1438 324; x_wconf 82' lang='lat' dir='ltr'>deditae,</span> 
     </span>
     <span class='ocr_line' id='line_1_20' title="bbox 1016 330 1435 374; baseline -0.01 -8"><span class='ocrx_word' id='word_1_79' title='bbox 1016 333 1098 374; x_wconf 79' lang='lat' dir='ltr'>Quid</span> <span class='ocrx_word' id='word_1_80' title='bbox 1123 331 1250 366; x_wconf 84' lang='lat' dir='ltr'>Mariae</span> <span class='ocrx_word' id='word_1_81' title='bbox 1278 330 1435 364; x_wconf 80' lang='lat' dir='ltr'>debeatur</span> 
     </span>
     <span class='ocr_line' id='line_1_21' title="bbox 1014 379 1476 425; baseline -0.009 -10"><span class='ocrx_word' id='word_1_82' title='bbox 1014 381 1147 425; x_wconf 84' lang='lat' dir='ltr'>Laudis,</span> <span class='ocrx_word' id='word_1_83' title='bbox 1174 382 1281 413; x_wconf 87' lang='lat' dir='ltr'>mente</span> <span class='ocrx_word' id='word_1_84' title='bbox 1305 379 1476 412; x_wconf 89' lang='lat' dir='ltr'>attendite.</span> 
     </span>
    </p>
   </div>
   <div class='ocr_carea' id='block_1_7' title="bbox 921 456 1530 500">
    <p class='ocr_par' dir='ltr' id='par_1_7' title="bbox 921 456 1530 500">
     <span class='ocr_line' id='line_1_22' title="bbox 921 456 1530 500; baseline -0.01 -7"><span class='ocrx_word' id='word_1_85' title='bbox 921 462 1000 495; x_wconf 84' lang='lat'>747.</span> <span class='ocrx_word' id='word_1_86' title='bbox 1015 459 1194 500; x_wconf 75' lang='lat' dir='ltr'>Attendite,</span> <span class='ocrx_word' id='word_1_87' title='bbox 1222 467 1316 500; x_wconf 87' lang='lat' dir='ltr'>quam</span> <span class='ocrx_word' id='word_1_88' title='bbox 1342 456 1387 490; x_wconf 88' lang='lat' dir='ltr'>sit</span> <span class='ocrx_word' id='word_1_89' title='bbox 1410 456 1530 489; x_wconf 89' lang='lat' dir='ltr'>bonum</span> 
     </span>
    </p>
   </div>
   <div class='ocr_carea' id='block_1_8' title="bbox 1012 505 1510 638">
    <p class='ocr_par' dir='ltr' id='par_1_8' title="bbox 1012 505 1510 638">
     <span class='ocr_line' id='line_1_23' title="bbox 1014 505 1424 546; baseline -0.01 -5"><span class='ocrx_word' id='word_1_90' title='bbox 1014 509 1067 541; x_wconf 88' lang='lat' dir='ltr'>Ad</span> <span class='ocrx_word' id='word_1_91' title='bbox 1093 507 1233 540; x_wconf 83' lang='lat' dir='ltr'>Mariam</span> <span class='ocrx_word' id='word_1_92' title='bbox 1258 505 1424 546; x_wconf 79' lang='lat' dir='ltr'>accedere,</span> 
     </span>
     <span class='ocr_line' id='line_1_24' title="bbox 1012 554 1510 596; baseline -0.006 -8"><span class='ocrx_word' id='word_1_93' title='bbox 1012 557 1100 596; x_wconf 79' lang='lat' dir='ltr'>Quae</span> <span class='ocrx_word' id='word_1_94' title='bbox 1126 555 1190 587; x_wconf 89' lang='lat' dir='ltr'>vim</span> <span class='ocrx_word' id='word_1_95' title='bbox 1214 555 1302 588; x_wconf 89' lang='lat' dir='ltr'>valet</span> <span class='ocrx_word' id='word_1_96' title='bbox 1324 554 1510 595; x_wconf 82' lang='lat' dir='ltr'>passionum</span> 
     </span>
     <span class='ocr_line' id='line_1_25' title="bbox 1016 604 1470 638; baseline -0.007 -1"><span class='ocrx_word' id='word_1_97' title='bbox 1016 605 1054 638; x_wconf 90' lang='lat' dir='ltr'>In</span> <span class='ocrx_word' id='word_1_98' title='bbox 1082 604 1244 637; x_wconf 80' lang='lat' dir='ltr'>dulcorem</span> <span class='ocrx_word' id='word_1_99' title='bbox 1272 605 1470 635; x_wconf 87' lang='lat' dir='ltr'>convertere.</span> 
     </span>
    </p>
   </div>
   <div class='ocr_carea' id='block_1_9' title="bbox 920 681 1446 722">
    <p class='ocr_par' dir='ltr' id='par_1_9' title="bbox 920 681 1446 722">
     <span class='ocr_line' id='line_1_26' title="bbox 920 681 1446 722; baseline -0.006 -8"><span class='ocrx_word' id='word_1_100' title='bbox 920 682 998 716; x_wconf 85' lang='lat'>748.</span> <span class='ocrx_word' id='word_1_101' title='bbox 1015 681 1219 721; x_wconf 84' lang='lat' dir='ltr'>Convertere,</span> <span class='ocrx_word' id='word_1_102' title='bbox 1247 683 1446 722; x_wconf 86' lang='lat' dir='ltr'>convertere,</span> 
     </span>
    </p>
   </div>
   <div class='ocr_carea' id='block_1_10' title="bbox 1013 728 1505 858">
    <p class='ocr_par' dir='ltr' id='par_1_10' title="bbox 1013 728 1505 858">
     <span class='ocr_line' id='line_1_27' title="bbox 1014 728 1505 770; baseline -0.006 -8"><span class='ocrx_word' id='word_1_103' title='bbox 1014 730 1039 762; x_wconf 92' lang='lat' dir='ltr'>O</span> <span class='ocrx_word' id='word_1_104' title='bbox 1067 738 1121 762; x_wconf 90' lang='lat' dir='ltr'>cor</span> <span class='ocrx_word' id='word_1_105' title='bbox 1145 737 1261 770; x_wconf 90' lang='lat' dir='ltr'>meum,</span> <span class='ocrx_word' id='word_1_106' title='bbox 1288 729 1329 761; x_wconf 90' lang='lat' dir='ltr'>ad</span> <span class='ocrx_word' id='word_1_107' title='bbox 1354 728 1505 768; x_wconf 87' lang='lat' dir='ltr'>Mariam,</span> 
     </span>
     <span class='ocr_line' id='line_1_28' title="bbox 1017 777 1465 817; baseline -0.004 -7"><span class='ocrx_word' id='word_1_108' title='bbox 1017 777 1061 810; x_wconf 85' lang='lat' dir='ltr'>Ut</span> <span class='ocrx_word' id='word_1_109' title='bbox 1086 778 1227 810; x_wconf 84' lang='lat' dir='ltr'>deducat</span> <span class='ocrx_word' id='word_1_110' title='bbox 1251 781 1284 809; x_wconf 90' lang='lat' dir='ltr'>te</span> <span class='ocrx_word' id='word_1_111' title='bbox 1307 785 1465 817; x_wconf 82' lang='lat' dir='ltr'>prospere</span> 
     </span>
     <span class='ocr_line' id='line_1_29' title="bbox 1013 826 1456 858; baseline -0.002 -1"><span class='ocrx_word' id='word_1_112' title='bbox 1013 826 1051 858; x_wconf 90' lang='lat' dir='ltr'>In</span> <span class='ocrx_word' id='word_1_113' title='bbox 1075 829 1225 857; x_wconf 86' lang='lat' dir='ltr'>aeternae</span> <span class='ocrx_word' id='word_1_114' title='bbox 1249 826 1337 857; x_wconf 86' lang='lat' dir='ltr'>vit-ae</span> <span class='ocrx_word' id='word_1_115' title='bbox 1362 826 1456 857; x_wconf 88' lang='lat' dir='ltr'>viam.</span> 
     </span>
    </p>
   </div>
   <div class='ocr_carea' id='block_1_11' title="bbox 922 903 1526 1088">
    <p class='ocr_par' dir='ltr' id='par_1_11' title="bbox 922 903 1526 1088">
     <span class='ocr_line' id='line_1_30' title="bbox 922 903 1458 937; baseline 0 -2"><span class='ocrx_word' id='word_1_116' title='bbox 922 903 1002 937; x_wconf 83' lang='lat'>749.</span> <span class='ocrx_word' id='word_1_117' title='bbox 1016 903 1109 935; x_wconf 85' lang='lat' dir='ltr'>Viam</span> <span class='ocrx_word' id='word_1_118' title='bbox 1134 912 1238 935; x_wconf 87' lang='lat' dir='ltr'>meam</span> <span class='ocrx_word' id='word_1_119' title='bbox 1262 903 1311 935; x_wconf 89' lang='lat' dir='ltr'>sic</span> <span class='ocrx_word' id='word_1_120' title='bbox 1336 903 1458 935; x_wconf 85' lang='lat' dir='ltr'>ambias</span> 
     </span>
     <span class='ocr_line' id='line_1_31' title="bbox 1014 951 1421 993; baseline 0 -10"><span class='ocrx_word' id='word_1_121' title='bbox 1014 951 1110 992; x_wconf 87' lang='lat' dir='ltr'>Hinc,</span> <span class='ocrx_word' id='word_1_122' title='bbox 1136 951 1244 984; x_wconf 83' lang='lat' dir='ltr'>Maria</span> <span class='ocrx_word' id='word_1_123' title='bbox 1269 951 1421 993; x_wconf 86' lang='lat' dir='ltr'>propitia,</span> 
     </span>
     <span class='ocr_line' id='line_1_32' title="bbox 1015 999 1448 1040; baseline 0.002 -10"><span class='ocrx_word' id='word_1_124' title='bbox 1015 999 1106 1038; x_wconf 81' lang='lat' dir='ltr'>Quod</span> <span class='ocrx_word' id='word_1_125' title='bbox 1132 999 1264 1032; x_wconf 88' lang='lat' dir='ltr'>hostiles</span> <span class='ocrx_word' id='word_1_126' title='bbox 1290 1000 1448 1040; x_wconf 85' lang='lat' dir='ltr'>nequitias</span> 
     </span>
     <span class='ocr_line' id='line_1_33' title="bbox 1016 1047 1526 1088; baseline 0 -8"><span class='ocrx_word' id='word_1_127' title='bbox 1016 1048 1081 1080; x_wconf 88' lang='lat' dir='ltr'>Per</span> <span class='ocrx_word' id='word_1_128' title='bbox 1105 1050 1137 1079; x_wconf 88' lang='lat' dir='ltr'>te</span> <span class='ocrx_word' id='word_1_129' title='bbox 1162 1048 1287 1080; x_wconf 85' lang='lat' dir='ltr'>vincam</span> <span class='ocrx_word' id='word_1_130' title='bbox 1317 1057 1386 1080; x_wconf 85' lang='lat' dir='ltr'>cum</span> <span class='ocrx_word' id='word_1_131' title='bbox 1412 1047 1526 1088; x_wconf 81' lang='lat' dir='ltr'>gloria.</span> 
     </span>
    </p>
   </div>
   <div class='ocr_carea' id='block_1_12' title="bbox 572 1122 1154 1301">
    <p class='ocr_par' dir='ltr' id='par_1_12' title="bbox 572 1122 1154 1301">
     <span class='ocr_line' id='line_1_34' title="bbox 572 1122 1016 1167; baseline 0 -11"><span class='ocrx_word' id='word_1_132' title='bbox 572 1124 653 1156; x_wconf 89' lang='lat'>750.</span> <span class='ocrx_word' id='word_1_133' title='bbox 667 1122 780 1155; x_wconf 79' lang='lat' dir='ltr'>Gloria</span> <span class='ocrx_word' id='word_1_134' title='bbox 802 1122 872 1167; x_wconf 89' lang='lat' dir='ltr'>tibi,</span> <span class='ocrx_word' id='word_1_135' title='bbox 900 1123 1016 1166; x_wconf 84' lang='lat' dir='ltr'>Maria,</span> 
     </span>
     <span class='ocr_line' id='line_1_35' title="bbox 666 1171 1108 1213; baseline 0 -9"><span class='ocrx_word' id='word_1_136' title='bbox 666 1171 808 1204; x_wconf 85' lang='lat' dir='ltr'>Materia</span> <span class='ocrx_word' id='word_1_137' title='bbox 832 1180 967 1211; x_wconf 87' lang='lat' dir='ltr'>magnae</span> <span class='ocrx_word' id='word_1_138' title='bbox 990 1172 1108 1213; x_wconf 89' lang='lat' dir='ltr'>laudis,</span> 
     </span>
     <span class='ocr_line' id='line_1_36' title="bbox 669 1218 1102 1260; baseline 0.002 -9"><span class='ocrx_word' id='word_1_139' title='bbox 669 1218 757 1259; x_wconf 76' lang='lat' dir='ltr'>Quae</span> <span class='ocrx_word' id='word_1_140' title='bbox 779 1218 919 1251; x_wconf 87' lang='lat' dir='ltr'>libenter</span> <span class='ocrx_word' id='word_1_141' title='bbox 943 1228 1021 1252; x_wconf 84' lang='lat' dir='ltr'>aure</span> <span class='ocrx_word' id='word_1_142' title='bbox 1046 1220 1102 1260; x_wconf 85' lang='lat' dir='ltr'>pia</span> 
     </span>
     <span class='ocr_line' id='line_1_37' title="bbox 669 1267 1154 1301; baseline 0.006 -3"><span class='ocrx_word' id='word_1_143' title='bbox 669 1267 724 1299; x_wconf 85' lang='lat' dir='ltr'>Ad</span> <span class='ocrx_word' id='word_1_144' title='bbox 748 1270 781 1298; x_wconf 89' lang='lat' dir='ltr'>te</span> <span class='ocrx_word' id='word_1_145' title='bbox 807 1268 981 1300; x_wconf 87' lang='lat' dir='ltr'>clamantes</span> <span class='ocrx_word' id='word_1_146' title='bbox 1007 1269 1154 1301; x_wconf 76' lang='lat' dir='ltr'>exaudis</span> 
     </span>
    </p>
   </div>
   <div class='ocr_carea' id='block_1_13' title="bbox 807 1354 978 1387">
    <p class='ocr_par' dir='ltr' id='par_1_13' title="bbox 807 1354 978 1387">
     <span class='ocr_line' id='line_1_38' title="bbox 807 1354 978 1387; baseline -0.006 0"><span class='ocrx_word' id='word_1_147' title='bbox 807 1354 978 1387; x_wconf 89' lang='lat' dir='ltr'>LXXVII.</span> 
     </span>
    </p>
   </div>
   <div class='ocr_carea' id='block_1_14' title="bbox 233 1421 830 1605">
    <p class='ocr_par' dir='ltr' id='par_1_14' title="bbox 233 1421 830 1605">
     <span class='ocr_line' id='line_1_39' title="bbox 233 1421 683 1463; baseline -0.004 -9"><span class='ocrx_word' id='word_1_148' title='bbox 233 1422 315 1454; x_wconf 88' lang='lat'>751.</span> <span class='ocrx_word' id='word_1_149' title='bbox 328 1421 508 1461; x_wconf 84' lang='lat' dir='ltr'>Attendite,</span> <span class='ocrx_word' id='word_1_150' title='bbox 537 1421 683 1463; x_wconf 89' lang='lat' dir='ltr'>desolati,</span> 
     </span>
     <span class='ocr_line' id='line_1_40' title="bbox 327 1468 744 1513; baseline 0 -13"><span class='ocrx_word' id='word_1_151' title='bbox 327 1468 465 1501; x_wconf 85' lang='lat' dir='ltr'>Mariam</span> <span class='ocrx_word' id='word_1_152' title='bbox 492 1469 744 1513; x_wconf 84' lang='lat' dir='ltr'>consolatricem,</span> 
     </span>
     <span class='ocr_line' id='line_1_41' title="bbox 325 1516 728 1549; baseline 0 0"><span class='ocrx_word' id='word_1_153' title='bbox 325 1516 373 1549; x_wconf 91' lang='lat' dir='ltr'>Ut</span> <span class='ocrx_word' id='word_1_154' title='bbox 397 1520 524 1548; x_wconf 84' lang='lat' dir='ltr'>vestrae</span> <span class='ocrx_word' id='word_1_155' title='bbox 548 1516 728 1549; x_wconf 83' lang='lat' dir='ltr'>infirmitati</span> 
     </span>
     <span class='ocr_line' id='line_1_42' title="bbox 326 1565 830 1605; baseline 0.002 -8"><span class='ocrx_word' id='word_1_156' title='bbox 326 1566 477 1605; x_wconf 87' lang='lat' dir='ltr'>Porrigat</span> <span class='ocrx_word' id='word_1_157' title='bbox 500 1573 627 1597; x_wconf 88' lang='lat' dir='ltr'>manum</span> <span class='ocrx_word' id='word_1_158' title='bbox 653 1565 830 1598; x_wconf 87' lang='lat' dir='ltr'>victricem.</span> 
     </span>
    </p>
   </div>
   <div class='ocr_carea' id='block_1_15' title="bbox 232 1641 822 1826">
    <p class='ocr_par' dir='ltr' id='par_1_15' title="bbox 232 1641 822 1826">
     <span class='ocr_line' id='line_1_43' title="bbox 232 1641 822 1685; baseline -0.002 -10"><span class='ocrx_word' id='word_1_159' title='bbox 232 1643 311 1675; x_wconf 85' lang='lat'>752.</span> <span class='ocrx_word' id='word_1_160' title='bbox 328 1641 499 1673; x_wconf 85' lang='lat' dir='ltr'>Victricem</span> <span class='ocrx_word' id='word_1_161' title='bbox 525 1644 558 1673; x_wconf 93' lang='lat' dir='ltr'>te</span> <span class='ocrx_word' id='word_1_162' title='bbox 578 1642 698 1675; x_wconf 85' lang='lat' dir='ltr'>Caesar</span> <span class='ocrx_word' id='word_1_163' title='bbox 722 1642 822 1685; x_wconf 87' lang='lat' dir='ltr'>novit,</span> 
     </span>
     <span class='ocr_line' id='line_1_44' title="bbox 326 1690 775 1730; baseline 0 -8"><span class='ocrx_word' id='word_1_164' title='bbox 326 1690 397 1730; x_wconf 86' lang='lat' dir='ltr'>Igni</span> <span class='ocrx_word' id='word_1_165' title='bbox 424 1690 504 1722; x_wconf 89' lang='lat' dir='ltr'>dans</span> <span class='ocrx_word' id='word_1_166' title='bbox 528 1690 775 1730; x_wconf 85' lang='lat' dir='ltr'>imperatricem,</span> 
     </span>
     <span class='ocr_line' id='line_1_45' title="bbox 326 1737 798 1780; baseline -0.002 -10"><span class='ocrx_word' id='word_1_167' title='bbox 326 1738 431 1780; x_wconf 84' lang='lat' dir='ltr'>Hanc,</span> <span class='ocrx_word' id='word_1_168' title='bbox 458 1737 533 1778; x_wconf 89' lang='lat' dir='ltr'>quia</span> <span class='ocrx_word' id='word_1_169' title='bbox 556 1747 591 1770; x_wconf 88' lang='lat' dir='ltr'>se</span> <span class='ocrx_word' id='word_1_170' title='bbox 615 1738 676 1769; x_wconf 80' lang='lat' dir='ltr'>tibi</span> <span class='ocrx_word' id='word_1_171' title='bbox 701 1738 798 1780; x_wconf 89' lang='lat' dir='ltr'>vovit,</span> 
     </span>
     <span class='ocr_line' id='line_1_46' title="bbox 323 1784 745 1826; baseline 0.002 -8"><span class='ocrx_word' id='word_1_172' title='bbox 323 1786 411 1826; x_wconf 84' lang='lat' dir='ltr'>Ignis</span> <span class='ocrx_word' id='word_1_173' title='bbox 437 1784 544 1818; x_wconf 85' lang='lat' dir='ltr'>fecisti</span> <span class='ocrx_word' id='word_1_174' title='bbox 570 1786 745 1819; x_wconf 86' lang='lat' dir='ltr'>victricem.</span> 
     </span>
    </p>
   </div>
   <div class='ocr_carea' id='block_1_16' title="bbox 230 1863 858 2041">
    <p class='ocr_par' dir='ltr' id='par_1_16' title="bbox 230 1863 858 2041">
     <span class='ocr_line' id='line_1_47' title="bbox 230 1863 858 1904; baseline 0 -8"><span class='ocrx_word' id='word_1_175' title='bbox 230 1864 309 1897; x_wconf 88' lang='lat'>753.</span> <span class='ocrx_word' id='word_1_176' title='bbox 325 1863 498 1895; x_wconf 81' lang='lat' dir='ltr'>Victricem</span> <span class='ocrx_word' id='word_1_177' title='bbox 513 1863 598 1896; x_wconf 83' lang='lat' dir='ltr'>hanc</span> <span class='ocrx_word' id='word_1_178' title='bbox 613 1872 674 1904; x_wconf 85' lang='lat' dir='ltr'>per</span> <span class='ocrx_word' id='word_1_179' title='bbox 694 1867 725 1896; x_wconf 88' lang='lat' dir='ltr'>te</span> <span class='ocrx_word' id='word_1_180' title='bbox 742 1863 858 1897; x_wconf 77' lang='lat' dir='ltr'>factam</span> 
     </span>
     <span class='ocr_line' id='line_1_48' title="bbox 326 1911 750 1956; baseline 0.007 -15"><span class='ocrx_word' id='word_1_181' title='bbox 326 1911 396 1943; x_wconf 84' lang='lat' dir='ltr'>Vox</span> <span class='ocrx_word' id='word_1_182' title='bbox 422 1912 463 1944; x_wconf 89' lang='lat' dir='ltr'>de</span> <span class='ocrx_word' id='word_1_183' title='bbox 488 1912 575 1944; x_wconf 88' lang='lat' dir='ltr'>caelo</span> <span class='ocrx_word' id='word_1_184' title='bbox 599 1911 750 1956; x_wconf 89' lang='lat' dir='ltr'>insonuit,</span> 
     </span>
     <span class='ocr_line' id='line_1_49' title="bbox 324 1959 808 2000; baseline 0.004 -9"><span class='ocrx_word' id='word_1_185' title='bbox 324 1959 405 1998; x_wconf 79' lang='lat' dir='ltr'>Quia</span> <span class='ocrx_word' id='word_1_186' title='bbox 428 1959 570 2000; x_wconf 89' lang='lat' dir='ltr'>prudens</span> <span class='ocrx_word' id='word_1_187' title='bbox 595 1968 630 1991; x_wconf 90' lang='lat' dir='ltr'>se</span> <span class='ocrx_word' id='word_1_188' title='bbox 654 1960 808 1993; x_wconf 87' lang='lat' dir='ltr'>intactam</span> 
     </span>
     <span class='ocr_line' id='line_1_50' title="bbox 323 2007 759 2041; baseline 0.002 -1"><span class='ocrx_word' id='word_1_189' title='bbox 323 2007 375 2040; x_wconf 88' lang='lat' dir='ltr'>Ab</span> <span class='ocrx_word' id='word_1_190' title='bbox 402 2008 487 2040; x_wconf 91' lang='lat' dir='ltr'>omni</span> <span class='ocrx_word' id='word_1_191' title='bbox 511 2008 581 2040; x_wconf 83' lang='lat' dir='ltr'>viro</span> <span class='ocrx_word' id='word_1_192' title='bbox 606 2009 759 2041; x_wconf 87' lang='lat' dir='ltr'>servavit.</span> 
     </span>
    </p>
   </div>
   <div class='ocr_carea' id='block_1_17' title="bbox 232 2085 790 2263">
    <p class='ocr_par' dir='ltr' id='par_1_17' title="bbox 232 2085 790 2263">
     <span class='ocr_line' id='line_1_51' title="bbox 232 2085 790 2120; baseline 0.002 -2"><span class='ocrx_word' id='word_1_193' title='bbox 232 2086 311 2120; x_wconf 84' lang='lat'>754.</span> <span class='ocrx_word' id='word_1_194' title='bbox 327 2085 476 2118; x_wconf 86' lang='lat' dir='ltr'>Servavit</span> <span class='ocrx_word' id='word_1_195' title='bbox 500 2085 583 2118; x_wconf 88' lang='lat' dir='ltr'>hanc</span> <span class='ocrx_word' id='word_1_196' title='bbox 607 2086 708 2118; x_wconf 89' lang='lat' dir='ltr'>virtus</span> <span class='ocrx_word' id='word_1_197' title='bbox 733 2089 790 2119; x_wconf 92' lang='lat' dir='ltr'>tua</span> 
     </span>
     <span class='ocr_line' id='line_1_52' title="bbox 324 2133 743 2175; baseline 0.002 -9"><span class='ocrx_word' id='word_1_198' title='bbox 324 2136 354 2166; x_wconf 89' lang='lat' dir='ltr'>A</span> <span class='ocrx_word' id='word_1_199' title='bbox 381 2133 548 2166; x_wconf 82' lang='lat' dir='ltr'>candentis</span> <span class='ocrx_word' id='word_1_200' title='bbox 573 2134 743 2175; x_wconf 85' lang='lat' dir='ltr'>supplicio,</span> 
     </span>
     <span class='ocr_line' id='line_1_53' title="bbox 324 2182 749 2222; baseline 0 -8"><span class='ocrx_word' id='word_1_201' title='bbox 324 2182 369 2214; x_wconf 90' lang='lat' dir='ltr'>Et</span> <span class='ocrx_word' id='word_1_202' title='bbox 393 2191 413 2215; x_wconf 88' lang='lat' dir='ltr'>a</span> <span class='ocrx_word' id='word_1_203' title='bbox 439 2183 534 2222; x_wconf 90' lang='lat' dir='ltr'>culpa</span> <span class='ocrx_word' id='word_1_204' title='bbox 558 2182 665 2214; x_wconf 88' lang='lat' dir='ltr'>salvus</span> <span class='ocrx_word' id='word_1_205' title='bbox 691 2192 749 2214; x_wconf 87' lang='lat' dir='ltr'>sua</span> 
     </span>
     <span class='ocr_line' id='line_1_54' title="bbox 323 2230 756 2263; baseline 0.002 -1"><span class='ocrx_word' id='word_1_206' title='bbox 323 2230 471 2263; x_wconf 89' lang='lat' dir='ltr'>Donatur</span> <span class='ocrx_word' id='word_1_207' title='bbox 496 2230 546 2263; x_wconf 89' lang='lat' dir='ltr'>vir</span> <span class='ocrx_word' id='word_1_208' title='bbox 570 2230 756 2263; x_wconf 88' lang='lat' dir='ltr'>Laurentio.</span> 
     </span>
    </p>
   </div>
   <div class='ocr_carea' id='block_1_18' title="bbox 230 2307 860 2495">
    <p class='ocr_par' dir='ltr' id='par_1_18' title="bbox 230 2307 860 2495">
     <span class='ocr_line' id='line_1_55' title="bbox 230 2307 820 2349; baseline 0.002 -9"><span class='ocrx_word' id='word_1_209' title='bbox 230 2307 499 2341; x_wconf 79' lang='lat' dir='ltr'>755.Laurenti0</span> <span class='ocrx_word' id='word_1_210' title='bbox 525 2311 636 2341; x_wconf 84' lang='lat' dir='ltr'>sancto</span> <span class='ocrx_word' id='word_1_211' title='bbox 662 2309 820 2349; x_wconf 84' lang='lat' dir='ltr'>quendam</span> 
     </span>
     <span class='ocr_line' id='line_1_56' title="bbox 325 2356 812 2398; baseline -0.002 -9"><span class='ocrx_word' id='word_1_212' title='bbox 325 2356 426 2389; x_wconf 84' lang='lat' dir='ltr'>Dedit</span> <span class='ocrx_word' id='word_1_213' title='bbox 450 2356 568 2389; x_wconf 86' lang='lat' dir='ltr'>Caesar</span> <span class='ocrx_word' id='word_1_214' title='bbox 592 2356 645 2388; x_wconf 90' lang='lat' dir='ltr'>hic</span> <span class='ocrx_word' id='word_1_215' title='bbox 671 2357 812 2398; x_wconf 78' lang='lat' dir='ltr'>calicem,</span> 
     </span>
     <span class='ocr_line' id='line_1_57' title="bbox 326 2405 860 2446; baseline 0.002 -9"><span class='ocrx_word' id='word_1_216' title='bbox 326 2405 860 2446; x_wconf 69' lang='lat' dir='ltr'>Quemsanciusgratamemendam</span> 
     </span>
     <span class='ocr_line' id='line_1_58' title="bbox 323 2453 859 2495; baseline 0.004 -9"><span class='ocrx_word' id='word_1_217' title='bbox 323 2453 419 2487; x_wconf 79' lang='lat' dir='ltr'>Fecit</span> <span class='ocrx_word' id='word_1_218' title='bbox 441 2463 500 2495; x_wconf 91' lang='lat' dir='ltr'>per</span> <span class='ocrx_word' id='word_1_219' title='bbox 524 2463 653 2494; x_wconf 87' lang='lat' dir='ltr'>precem</span> <span class='ocrx_word' id='word_1_220' title='bbox 671 2454 859 2495; x_wconf 86' lang='lat' dir='ltr'>supplicem.</span> 
     </span>
    </p>
   </div>
   <div class='ocr_carea' id='block_1_19' title="bbox 923 1421 1519 1612">
    <p class='ocr_par' dir='ltr' id='par_1_19' title="bbox 923 1421 1519 1612">
     <span class='ocr_line' id='line_1_59' title="bbox 923 1421 1485 1466; baseline 0.002 -11"><span class='ocrx_word' id='word_1_221' title='bbox 923 1421 1002 1456; x_wconf 82' lang='lat'>756.</span> <span class='ocrx_word' id='word_1_222' title='bbox 1018 1423 1203 1464; x_wconf 88' lang='lat' dir='ltr'>Supplicem</span> <span class='ocrx_word' id='word_1_223' title='bbox 1229 1434 1358 1466; x_wconf 87' lang='lat' dir='ltr'>precem</span> <span class='ocrx_word' id='word_1_224' title='bbox 1384 1424 1485 1457; x_wconf 89' lang='lat' dir='ltr'>faciat</span> 
     </span>
     <span class='ocr_line' id='line_1_60' title="bbox 1020 1472 1519 1517; baseline 0.008 -14"><span class='ocrx_word' id='word_1_225' title='bbox 1020 1472 1070 1504; x_wconf 76' lang='lat' dir='ltr'>Ad</span> <span class='ocrx_word' id='word_1_226' title='bbox 1096 1474 1129 1503; x_wconf 90' lang='lat' dir='ltr'>te</span> <span class='ocrx_word' id='word_1_227' title='bbox 1152 1481 1212 1514; x_wconf 89' lang='lat' dir='ltr'>pro</span> <span class='ocrx_word' id='word_1_228' title='bbox 1238 1483 1289 1505; x_wconf 90' lang='lat' dir='ltr'>me</span> <span class='ocrx_word' id='word_1_229' title='bbox 1313 1473 1519 1517; x_wconf 87' lang='lat' dir='ltr'>Laurentius,</span> 
     </span>
     <span class='ocr_line' id='line_1_61' title="bbox 1016 1520 1389 1563; baseline 0.011 -12"><span class='ocrx_word' id='word_1_230' title='bbox 1016 1520 1066 1552; x_wconf 87' lang='lat' dir='ltr'>Ne</span> <span class='ocrx_word' id='word_1_231' title='bbox 1092 1520 1257 1553; x_wconf 80' lang='lat' dir='ltr'>morientis</span> <span class='ocrx_word' id='word_1_232' title='bbox 1282 1522 1389 1563; x_wconf 87' lang='lat' dir='ltr'>rapiat</span> 
     </span>
     <span class='ocr_line' id='line_1_62' title="bbox 1014 1568 1442 1612; baseline 0.009 -13"><span class='ocrx_word' id='word_1_233' title='bbox 1014 1568 1165 1601; x_wconf 89' lang='lat' dir='ltr'>Animam</span> <span class='ocrx_word' id='word_1_234' title='bbox 1186 1569 1288 1603; x_wconf 88' lang='lat' dir='ltr'>hostis</span> <span class='ocrx_word' id='word_1_235' title='bbox 1312 1571 1442 1612; x_wconf 90' lang='lat' dir='ltr'>impius.</span> 
     </span>
    </p>
   </div>
   <div class='ocr_carea' id='block_1_20' title="bbox 921 1646 1554 1834">
    <p class='ocr_par' dir='ltr' id='par_1_20' title="bbox 921 1646 1554 1834">
     <span class='ocr_line' id='line_1_63' title="bbox 921 1646 1465 1687; baseline 0.007 -10"><span class='ocrx_word' id='word_1_236' title='bbox 921 1646 1000 1679; x_wconf 93' lang='lat'>757.</span> <span class='ocrx_word' id='word_1_237' title='bbox 1018 1647 1138 1686; x_wconf 88' lang='lat' dir='ltr'>Impius</span> <span class='ocrx_word' id='word_1_238' title='bbox 1163 1655 1223 1687; x_wconf 88' lang='lat' dir='ltr'>per</span> <span class='ocrx_word' id='word_1_239' title='bbox 1247 1651 1281 1680; x_wconf 91' lang='lat' dir='ltr'>te</span> <span class='ocrx_word' id='word_1_240' title='bbox 1306 1648 1465 1681; x_wconf 89' lang='lat' dir='ltr'>redimam</span> 
     </span>
     <span class='ocr_line' id='line_1_64' title="bbox 1016 1694 1539 1738; baseline 0.006 -12"><span class='ocrx_word' id='word_1_241' title='bbox 1016 1694 1154 1727; x_wconf 87' lang='lat' dir='ltr'>Poenam</span> <span class='ocrx_word' id='word_1_242' title='bbox 1180 1705 1353 1735; x_wconf 87' lang='lat' dir='ltr'>pravorum</span> <span class='ocrx_word' id='word_1_243' title='bbox 1378 1698 1539 1738; x_wconf 89' lang='lat' dir='ltr'>ultricem,</span> 
     </span>
     <span class='ocr_line' id='line_1_65' title="bbox 1018 1742 1471 1786; baseline 0.007 -11"><span class='ocrx_word' id='word_1_244' title='bbox 1018 1742 1061 1775; x_wconf 88' lang='lat' dir='ltr'>Ut</span> <span class='ocrx_word' id='word_1_245' title='bbox 1085 1744 1223 1776; x_wconf 86' lang='lat' dir='ltr'>Mariam</span> <span class='ocrx_word' id='word_1_246' title='bbox 1251 1745 1471 1786; x_wconf 86' lang='lat' dir='ltr'>dignissimam</span> 
     </span>
     <span class='ocr_line' id='line_1_66' title="bbox 1015 1790 1554 1834; baseline 0.011 -13"><span class='ocrx_word' id='word_1_247' title='bbox 1015 1790 1100 1823; x_wconf 88' lang='lat' dir='ltr'>Hinc</span> <span class='ocrx_word' id='word_1_248' title='bbox 1118 1796 1150 1824; x_wconf 88' lang='lat' dir='ltr'>tc</span> <span class='ocrx_word' id='word_1_249' title='bbox 1169 1792 1257 1826; x_wconf 83' lang='lat' dir='ltr'>dicat</span> <span class='ocrx_word' id='word_1_250' title='bbox 1269 1793 1361 1834; x_wconf 86' lang='lat' dir='ltr'>plebs</span> <span class='ocrx_word' id='word_1_251' title='bbox 1376 1795 1554 1827; x_wconf 88' lang='lat' dir='ltr'>victricem.</span> 
     </span>
    </p>
   </div>
   <div class='ocr_carea' id='block_1_21' title="bbox 922 1868 1480 2051">
    <p class='ocr_par' dir='ltr' id='par_1_21' title="bbox 922 1868 1480 2051">
     <span class='ocr_line' id='line_1_67' title="bbox 922 1868 1409 1911; baseline 0.012 -12"><span class='ocrx_word' id='word_1_252' title='bbox 922 1868 999 1902; x_wconf 87' lang='lat'>758.</span> <span class='ocrx_word' id='word_1_253' title='bbox 1020 1869 1191 1901; x_wconf 85' lang='lat' dir='ltr'>Victricem</span> <span class='ocrx_word' id='word_1_254' title='bbox 1218 1871 1409 1911; x_wconf 86' lang='lat' dir='ltr'>patientiam</span> 
     </span>
     <span class='ocr_line' id='line_1_68' title="bbox 1013 1917 1480 1962; baseline 0.013 -14"><span class='ocrx_word' id='word_1_255' title='bbox 1013 1917 1108 1956; x_wconf 89' lang='lat' dir='ltr'>Hinc,</span> <span class='ocrx_word' id='word_1_256' title='bbox 1134 1918 1252 1959; x_wconf 87' lang='lat' dir='ltr'>Maria,</span> <span class='ocrx_word' id='word_1_257' title='bbox 1280 1921 1322 1952; x_wconf 90' lang='lat' dir='ltr'>da</span> <span class='ocrx_word' id='word_1_258' title='bbox 1347 1920 1480 1962; x_wconf 85' lang='lat' dir='ltr'>famulo,</span> 
     </span>
     <span class='ocr_line' id='line_1_69' title="bbox 1015 1964 1444 2009; baseline 0.009 -12"><span class='ocrx_word' id='word_1_259' title='bbox 1015 1964 1148 1999; x_wconf 81' lang='lat' dir='ltr'>Gratiae</span> <span class='ocrx_word' id='word_1_260' title='bbox 1172 1965 1273 2000; x_wconf 89' lang='lat' dir='ltr'>fluens</span> <span class='ocrx_word' id='word_1_261' title='bbox 1298 1969 1444 2009; x_wconf 87' lang='lat' dir='ltr'>pluviam</span> 
     </span>
     <span class='ocr_line' id='line_1_70' title="bbox 1015 2013 1388 2051; baseline 0.016 -6"><span class='ocrx_word' id='word_1_262' title='bbox 1015 2013 1129 2047; x_wconf 82' lang='lat' dir='ltr'>Gordis</span> <span class='ocrx_word' id='word_1_263' title='bbox 1153 2015 1216 2047; x_wconf 92' lang='lat' dir='ltr'>mei</span> <span class='ocrx_word' id='word_1_264' title='bbox 1240 2016 1388 2051; x_wconf 88' lang='lat' dir='ltr'>latibulo.</span> 
     </span>
    </p>
   </div>
   <div class='ocr_carea' id='block_1_22' title="bbox 921 2090 1525 2275">
    <p class='ocr_par' dir='ltr' id='par_1_22' title="bbox 921 2090 1525 2275">
     <span class='ocr_line' id='line_1_71' title="bbox 921 2090 1425 2135; baseline 0.012 -13"><span class='ocrx_word' id='word_1_265' title='bbox 921 2090 999 2123; x_wconf 89' lang='lat'>759.</span> <span class='ocrx_word' id='word_1_266' title='bbox 1017 2090 1164 2124; x_wconf 85' lang='lat' dir='ltr'>Latibulo</span> <span class='ocrx_word' id='word_1_267' title='bbox 1191 2094 1425 2135; x_wconf 83' lang='lat' dir='ltr'>scripturarum</span> 
     </span>
     <span class='ocr_line' id='line_1_72' title="bbox 1017 2139 1393 2186; baseline 0.019 -16"><span class='ocrx_word' id='word_1_268' title='bbox 1017 2139 1091 2182; x_wconf 71' lang='lat' dir='ltr'>Diu,</span> <span class='ocrx_word' id='word_1_269' title='bbox 1119 2141 1218 2184; x_wconf 85' lang='lat' dir='ltr'>virgo,</span> <span class='ocrx_word' id='word_1_270' title='bbox 1244 2141 1393 2186; x_wconf 81' lang='lat' dir='ltr'>figurata,</span> 
     </span>
     <span class='ocr_line' id='line_1_73' title="bbox 1014 2187 1525 2229; baseline 0.012 -9"><span class='ocrx_word' id='word_1_271' title='bbox 1014 2187 1112 2221; x_wconf 86' lang='lat' dir='ltr'>Modo</span> <span class='ocrx_word' id='word_1_272' title='bbox 1140 2199 1199 2229; x_wconf 88' lang='lat' dir='ltr'>per</span> <span class='ocrx_word' id='word_1_273' title='bbox 1225 2192 1335 2223; x_wconf 92' lang='lat' dir='ltr'>orbem</span> <span class='ocrx_word' id='word_1_274' title='bbox 1361 2196 1525 2226; x_wconf 85' lang='lat' dir='ltr'>terrarum</span> 
     </span>
     <span class='ocr_line' id='line_1_74' title="bbox 1014 2236 1422 2275; baseline 0.017 -8"><span class='ocrx_word' id='word_1_275' title='bbox 1014 2236 1219 2270; x_wconf 88' lang='lat' dir='ltr'>Praedicaris</span> <span class='ocrx_word' id='word_1_276' title='bbox 1247 2241 1422 2275; x_wconf 73' lang='lat' dir='ltr'>declarata</span> 
     </span>
    </p>
   </div>
   <div class='ocr_carea' id='block_1_23' title="bbox 921 2313 1482 2497">
    <p class='ocr_par' dir='ltr' id='par_1_23' title="bbox 921 2313 1482 2497">
     <span class='ocr_line' id='line_1_75' title="bbox 921 2313 1457 2359; baseline 0.013 -14"><span class='ocrx_word' id='word_1_277' title='bbox 921 2313 999 2348; x_wconf 86' lang='lat'>760.</span> <span class='ocrx_word' id='word_1_278' title='bbox 1014 2313 1189 2348; x_wconf 80' lang='lat' dir='ltr'>Declarata</span> <span class='ocrx_word' id='word_1_279' title='bbox 1212 2326 1273 2358; x_wconf 86' lang='lat' dir='ltr'>per</span> <span class='ocrx_word' id='word_1_280' title='bbox 1299 2317 1457 2359; x_wconf 86' lang='lat' dir='ltr'>Sibyllam</span> 
     </span>
     <span class='ocr_line' id='line_1_76' title="bbox 1016 2361 1427 2407; baseline 0.017 -14"><span class='ocrx_word' id='word_1_281' title='bbox 1016 2361 1092 2396; x_wconf 82' lang='lat' dir='ltr'>Fuit</span> <span class='ocrx_word' id='word_1_282' title='bbox 1117 2365 1226 2406; x_wconf 85' lang='lat' dir='ltr'>proles</span> <span class='ocrx_word' id='word_1_283' title='bbox 1251 2370 1309 2399; x_wconf 88' lang='lat' dir='ltr'>tua</span> <span class='ocrx_word' id='word_1_284' title='bbox 1333 2372 1427 2407; x_wconf 85' lang='lat' dir='ltr'>grata</span> 
     </span>
     <span class='ocr_line' id='line_1_77' title="bbox 1015 2411 1482 2454; baseline 0.009 -10"><span class='ocrx_word' id='word_1_285' title='bbox 1015 2411 1157 2454; x_wconf 81' lang='lat' dir='ltr'>Caesari,</span> <span class='ocrx_word' id='word_1_286' title='bbox 1181 2422 1242 2454; x_wconf 85' lang='lat' dir='ltr'>per</span> <span class='ocrx_word' id='word_1_287' title='bbox 1266 2418 1299 2447; x_wconf 90' lang='lat' dir='ltr'>te</span> <span class='ocrx_word' id='word_1_288' title='bbox 1324 2417 1367 2449; x_wconf 81' lang='lat' dir='ltr'>ad</span> <span class='ocrx_word' id='word_1_289' title='bbox 1391 2417 1482 2448; x_wconf 86' lang='lat' dir='ltr'>illam</span> 
     </span>
     <span class='ocr_line' id='line_1_78' title="bbox 1016 2460 1379 2497; baseline 0.014 -6"><span class='ocrx_word' id='word_1_290' title='bbox 1016 2460 1176 2494; x_wconf 87' lang='lat' dir='ltr'>Visionem</span> <span class='ocrx_word' id='word_1_291' title='bbox 1205 2462 1379 2497; x_wconf 87' lang='lat' dir='ltr'>declarata.</span> 
     </span>
    </p>
   </div>
  </div>
 </body>
</html>
