<?xml version="1.0" encoding="UTF-8"?>
<!DOCTYPE html PUBLIC "-//W3C//DTD XHTML 1.0 Transitional//EN"
    "http://www.w3.org/TR/xhtml1/DTD/xhtml1-transitional.dtd">
<html xmlns="http://www.w3.org/1999/xhtml" xml:lang="en" lang="en">
 <head>
  <title>
</title>
<meta http-equiv="Content-Type" content="text/html;charset=utf-8" />
  <meta name='ocr-system' content='tesseract 3.04.00' />
  <meta name='ocr-capabilities' content='ocr_page ocr_carea ocr_par ocr_line ocrx_word'/>
</head>
<body>
  <div class='ocr_page' id='page_1' title='image "./analectahymnica36drevuoft_00098.png"; bbox 0 0 1655 2726; ppageno 0'>
   <div class='ocr_carea' id='block_1_1' title="bbox 695 113 931 150">
    <p class='ocr_par' dir='ltr' id='par_1_1' title="bbox 695 113 931 150">
     <span class='ocr_line' id='line_1_1' title="bbox 695 113 931 150; baseline 0.004 -10"><span class='ocrx_word' id='word_1_1' title='bbox 695 113 931 150; x_wconf 59' lang='lat'>„95—</span> 
     </span>
    </p>
   </div>
   <div class='ocr_carea' id='block_1_2' title="bbox 183 205 752 399">
    <p class='ocr_par' dir='ltr' id='par_1_2' title="bbox 183 205 752 399">
     <span class='ocr_line' id='line_1_2' title="bbox 183 205 598 253; baseline 0.01 -12"><span class='ocrx_word' id='word_1_2' title='bbox 183 209 213 242; x_wconf 83' lang='lat'>7.</span> <span class='ocrx_word' id='word_1_3' title='bbox 239 205 393 244; x_wconf 83' lang='lat' dir='ltr'>Amanda</span> <span class='ocrx_word' id='word_1_4' title='bbox 417 212 495 245; x_wconf 87' lang='lat' dir='ltr'>Sion</span> <span class='ocrx_word' id='word_1_5' title='bbox 518 211 598 253; x_wconf 88' lang='lat' dir='ltr'>filia,</span> 
     </span>
     <span class='ocr_line' id='line_1_3' title="bbox 289 259 637 304; baseline 0.009 -13"><span class='ocrx_word' id='word_1_6' title='bbox 289 259 421 299; x_wconf 78' lang='lat' dir='ltr'>Regalis</span> <span class='ocrx_word' id='word_1_7' title='bbox 447 262 637 304; x_wconf 86' lang='lat' dir='ltr'>ornamenti,</span> 
     </span>
     <span class='ocr_line' id='line_1_4' title="bbox 242 307 645 350; baseline 0.007 -10"><span class='ocrx_word' id='word_1_8' title='bbox 242 307 292 340; x_wconf 83' lang='lat' dir='ltr'>Tu</span> <span class='ocrx_word' id='word_1_9' title='bbox 318 308 406 341; x_wconf 86' lang='lat' dir='ltr'>vales</span> <span class='ocrx_word' id='word_1_10' title='bbox 431 317 530 350; x_wconf 86' lang='lat' dir='ltr'>super</span> <span class='ocrx_word' id='word_1_11' title='bbox 553 310 645 343; x_wconf 85' lang='lat' dir='ltr'>milia</span> 
     </span>
     <span class='ocr_line' id='line_1_5' title="bbox 290 355 752 399; baseline 0.009 -12"><span class='ocrx_word' id='word_1_12' title='bbox 290 355 373 388; x_wconf 88' lang='lat' dir='ltr'>Tam</span> <span class='ocrx_word' id='word_1_13' title='bbox 397 358 472 389; x_wconf 83' lang='lat' dir='ltr'>auri</span> <span class='ocrx_word' id='word_1_14' title='bbox 496 366 591 398; x_wconf 83' lang='lat' dir='ltr'>quam</span> <span class='ocrx_word' id='word_1_15' title='bbox 617 359 752 399; x_wconf 81' lang='lat' dir='ltr'>argenti.</span> 
     </span>
    </p>
   </div>
   <div class='ocr_carea' id='block_1_3' title="bbox 186 429 768 619">
    <p class='ocr_par' dir='ltr' id='par_1_3' title="bbox 186 429 768 619">
     <span class='ocr_line' id='line_1_6' title="bbox 186 429 768 476; baseline 0 -9"><span class='ocrx_word' id='word_1_16' title='bbox 186 433 220 466; x_wconf 87' lang='grc'>8.</span> <span class='ocrx_word' id='word_1_17' title='bbox 248 429 310 474; x_wconf 79' lang='lat' dir='ltr'>Tu,</span> <span class='ocrx_word' id='word_1_18' title='bbox 334 436 451 476; x_wconf 83' lang='lat' dir='ltr'>mater,</span> <span class='ocrx_word' id='word_1_19' title='bbox 477 442 512 467; x_wconf 88' lang='lat' dir='ltr'>es</span> <span class='ocrx_word' id='word_1_20' title='bbox 534 444 614 475; x_wconf 77' lang='lat' dir='ltr'>prae</span> <span class='ocrx_word' id='word_1_21' title='bbox 639 435 768 467; x_wconf 83' lang='lat' dir='ltr'>caelicis</span> 
     </span>
     <span class='ocr_line' id='line_1_7' title="bbox 294 481 624 524; baseline 0.006 -11"><span class='ocrx_word' id='word_1_22' title='bbox 294 481 475 514; x_wconf 78' lang='lat' dir='ltr'><strong>Virtutibus</strong></span> <span class='ocrx_word' id='word_1_23' title='bbox 501 485 624 524; x_wconf 84' lang='lat' dir='ltr'>ornata,</span> 
     </span>
     <span class='ocr_line' id='line_1_8' title="bbox 243 529 679 571; baseline 0 -9"><span class='ocrx_word' id='word_1_24' title='bbox 243 529 293 562; x_wconf 83' lang='lat' dir='ltr'>Tu</span> <span class='ocrx_word' id='word_1_25' title='bbox 320 530 443 562; x_wconf 87' lang='lat' dir='ltr'>cunctis</span> <span class='ocrx_word' id='word_1_26' title='bbox 469 533 499 563; x_wconf 87' lang='lat' dir='ltr'>et</span> <span class='ocrx_word' id='word_1_27' title='bbox 525 531 679 571; x_wconf 80' lang='lat' dir='ltr'>angelicis</span> 
     </span>
     <span class='ocr_line' id='line_1_9' title="bbox 293 578 651 619; baseline 0.006 -9"><span class='ocrx_word' id='word_1_28' title='bbox 293 578 468 619; x_wconf 81' lang='lat' dir='ltr'>Spiritibus</span> <span class='ocrx_word' id='word_1_29' title='bbox 494 580 651 619; x_wconf 82' lang='lat' dir='ltr'>praelata.</span> 
     </span>
    </p>
   </div>
   <div class='ocr_carea' id='block_1_4' title="bbox 185 660 713 843">
    <p class='ocr_par' dir='ltr' id='par_1_4' title="bbox 185 660 713 843">
     <span class='ocr_line' id='line_1_10' title="bbox 185 660 623 698; baseline 0.007 -3"><span class='ocrx_word' id='word_1_30' title='bbox 185 663 218 695; x_wconf 82' lang='lat'>9.</span> <span class='ocrx_word' id='word_1_31' title='bbox 243 660 375 697; x_wconf 78' lang='lat' dir='ltr'>Vestita</span> <span class='ocrx_word' id='word_1_32' title='bbox 399 665 477 698; x_wconf 88' lang='lat' dir='ltr'>solis</span> <span class='ocrx_word' id='word_1_33' title='bbox 502 665 623 698; x_wconf 86' lang='lat' dir='ltr'>lumine</span> 
     </span>
     <span class='ocr_line' id='line_1_11' title="bbox 296 712 713 756; baseline 0.005 -12"><span class='ocrx_word' id='word_1_34' title='bbox 296 712 537 755; x_wconf 86' lang='lat' dir='ltr'>Coniunctaque</span> <span class='ocrx_word' id='word_1_35' title='bbox 562 714 713 756; x_wconf 76' lang='lat' dir='ltr'>Messias,</span> 
     </span>
     <span class='ocr_line' id='line_1_12' title="bbox 245 761 702 802; baseline 0.004 -9"><span class='ocrx_word' id='word_1_36' title='bbox 245 761 449 802; x_wconf 84' lang='lat' dir='ltr'>Resplendes</span> <span class='ocrx_word' id='word_1_37' title='bbox 476 763 510 795; x_wconf 92' lang='lat' dir='ltr'>in</span> <span class='ocrx_word' id='word_1_38' title='bbox 537 763 702 795; x_wconf 78' lang='lat' dir='ltr'>cacumine</span> 
     </span>
     <span class='ocr_line' id='line_1_13' title="bbox 292 809 677 843; baseline 0.003 -1"><span class='ocrx_word' id='word_1_39' title='bbox 292 809 449 842; x_wconf 79' lang='lat' dir='ltr'>Caelestis</span> <span class='ocrx_word' id='word_1_40' title='bbox 474 810 677 843; x_wconf 70' lang='lat' dir='ltr'>hierarchiae</span> 
     </span>
    </p>
   </div>
   <div class='ocr_carea' id='block_1_5' title="bbox 160 894 760 1083">
    <p class='ocr_par' dir='ltr' id='par_1_5' title="bbox 160 894 760 1083">
     <span class='ocr_line' id='line_1_14' title="bbox 160 894 681 931; baseline 0.002 -2"><span class='ocrx_word' id='word_1_41' title='bbox 160 897 215 930; x_wconf 82' lang='grc'>10.</span> <span class='ocrx_word' id='word_1_42' title='bbox 244 894 285 931; x_wconf 89' lang='lat' dir='ltr'>In</span> <span class='ocrx_word' id='word_1_43' title='bbox 313 896 390 929; x_wconf 84' lang='lat' dir='ltr'>celsi</span> <span class='ocrx_word' id='word_1_44' title='bbox 415 896 526 929; x_wconf 85' lang='lat' dir='ltr'>throni</span> <span class='ocrx_word' id='word_1_45' title='bbox 549 897 681 930; x_wconf 87' lang='lat' dir='ltr'>sedibus</span> 
     </span>
     <span class='ocr_line' id='line_1_15' title="bbox 292 944 697 985; baseline 0 -8"><span class='ocrx_word' id='word_1_46' title='bbox 292 944 369 977; x_wconf 90' lang='lat' dir='ltr'>Cum</span> <span class='ocrx_word' id='word_1_47' title='bbox 395 946 571 977; x_wconf 83' lang='lat' dir='ltr'>immortali</span> <span class='ocrx_word' id='word_1_48' title='bbox 598 949 697 985; x_wconf 89' lang='lat' dir='ltr'>veste,</span> 
     </span>
     <span class='ocr_line' id='line_1_16' title="bbox 241 992 760 1034; baseline -0.002 -8"><span class='ocrx_word' id='word_1_49' title='bbox 241 992 325 1026; x_wconf 86' lang='lat' dir='ltr'>Nam</span> <span class='ocrx_word' id='word_1_50' title='bbox 352 994 459 1025; x_wconf 90' lang='lat' dir='ltr'>calcas</span> <span class='ocrx_word' id='word_1_51' title='bbox 487 994 596 1026; x_wconf 89' lang='lat' dir='ltr'>lunam</span> <span class='ocrx_word' id='word_1_52' title='bbox 621 994 760 1034; x_wconf 84' lang='lat' dir='ltr'>pedibus</span> 
     </span>
     <span class='ocr_line' id='line_1_17' title="bbox 290 1042 611 1083; baseline 0.003 -9"><span class='ocrx_word' id='word_1_53' title='bbox 290 1042 492 1083; x_wconf 80' lang='lat' dir='ltr'>Apocalypsi</span> <span class='ocrx_word' id='word_1_54' title='bbox 516 1044 611 1075; x_wconf 85' lang='lat' dir='ltr'>teste.</span> 
     </span>
    </p>
   </div>
   <div class='ocr_carea' id='block_1_6' title="bbox 154 1126 685 1309">
    <p class='ocr_par' dir='ltr' id='par_1_6' title="bbox 154 1126 685 1309">
     <span class='ocr_line' id='line_1_18' title="bbox 154 1126 685 1170; baseline -0.006 -7"><span class='ocrx_word' id='word_1_55' title='bbox 154 1130 210 1164; x_wconf 89' lang='lat'>11.</span> <span class='ocrx_word' id='word_1_56' title='bbox 236 1126 378 1164; x_wconf 83' lang='lat' dir='ltr'>Nitescis</span> <span class='ocrx_word' id='word_1_57' title='bbox 403 1129 486 1162; x_wconf 86' lang='lat' dir='ltr'>miro</span> <span class='ocrx_word' id='word_1_58' title='bbox 512 1129 685 1170; x_wconf 84' lang='lat' dir='ltr'>schemate,</span> 
     </span>
     <span class='ocr_line' id='line_1_19' title="bbox 285 1177 628 1221; baseline -0.003 -11"><span class='ocrx_word' id='word_1_59' title='bbox 285 1178 410 1221; x_wconf 82' lang='lat' dir='ltr'>Regina</span> <span class='ocrx_word' id='word_1_60' title='bbox 435 1177 628 1218; x_wconf 88' lang='lat' dir='ltr'>puellarum,</span> 
     </span>
     <span class='ocr_line' id='line_1_20' title="bbox 239 1226 646 1260; baseline -0.005 0"><span class='ocrx_word' id='word_1_61' title='bbox 239 1226 319 1260; x_wconf 86' lang='lat' dir='ltr'>Cum</span> <span class='ocrx_word' id='word_1_62' title='bbox 345 1227 433 1260; x_wconf 89' lang='lat' dir='ltr'>claro</span> <span class='ocrx_word' id='word_1_63' title='bbox 461 1226 646 1259; x_wconf 86' lang='lat' dir='ltr'>diademate</span> 
     </span>
     <span class='ocr_line' id='line_1_21' title="bbox 284 1275 674 1309; baseline 0 0"><span class='ocrx_word' id='word_1_64' title='bbox 284 1275 469 1309; x_wconf 84' lang='lat' dir='ltr'>Duodecim</span> <span class='ocrx_word' id='word_1_65' title='bbox 494 1276 674 1309; x_wconf 86' lang='lat' dir='ltr'>stellarum.</span> 
     </span>
    </p>
   </div>
   <div class='ocr_carea' id='block_1_7' title="bbox 155 1359 679 1549">
    <p class='ocr_par' dir='ltr' id='par_1_7' title="bbox 155 1359 679 1549">
     <span class='ocr_line' id='line_1_22' title="bbox 155 1359 590 1403; baseline -0.005 -7"><span class='ocrx_word' id='word_1_66' title='bbox 155 1363 210 1397; x_wconf 84' lang='lat'>12.</span> <span class='ocrx_word' id='word_1_67' title='bbox 236 1359 385 1397; x_wconf 79' lang='lat' dir='ltr'>Mirificis</span> <span class='ocrx_word' id='word_1_68' title='bbox 410 1361 590 1403; x_wconf 86' lang='lat' dir='ltr'>fulgoribus</span> 
     </span>
     <span class='ocr_line' id='line_1_23' title="bbox 289 1410 663 1451; baseline 0.003 -8"><span class='ocrx_word' id='word_1_69' title='bbox 289 1410 449 1444; x_wconf 72' lang='lat' dir='ltr'>clarescis</span> <span class='ocrx_word' id='word_1_70' title='bbox 473 1414 511 1443; x_wconf 81' lang='lat' dir='ltr'>ut</span> <span class='ocrx_word' id='word_1_71' title='bbox 535 1420 663 1451; x_wconf 81' lang='lat' dir='ltr'>aurora,</span> 
     </span>
     <span class='ocr_line' id='line_1_24' title="bbox 238 1458 679 1502; baseline -0.005 -9"><span class='ocrx_word' id='word_1_72' title='bbox 238 1458 423 1502; x_wconf 85' lang='lat' dir='ltr'>Magnificis</span> <span class='ocrx_word' id='word_1_73' title='bbox 449 1459 679 1500; x_wconf 82' lang='lat' dir='ltr'>splendoribus</span> 
     </span>
     <span class='ocr_line' id='line_1_25' title="bbox 284 1508 623 1549; baseline 0.003 -9"><span class='ocrx_word' id='word_1_74' title='bbox 284 1508 332 1541; x_wconf 85' lang='lat' dir='ltr'>Es</span> <span class='ocrx_word' id='word_1_75' title='bbox 358 1509 469 1549; x_wconf 86' lang='lat' dir='ltr'>utique</span> <span class='ocrx_word' id='word_1_76' title='bbox 496 1508 623 1542; x_wconf 84' lang='lat' dir='ltr'>decora.</span> 
     </span>
    </p>
   </div>
   <div class='ocr_carea' id='block_1_8' title="bbox 159 1593 699 1787">
    <p class='ocr_par' dir='ltr' id='par_1_8' title="bbox 159 1593 699 1787">
     <span class='ocr_line' id='line_1_26' title="bbox 159 1593 586 1631; baseline -0.007 0"><span class='ocrx_word' id='word_1_77' title='bbox 159 1597 215 1631; x_wconf 83' lang='lat'>13.</span> <span class='ocrx_word' id='word_1_78' title='bbox 241 1593 390 1630; x_wconf 87' lang='lat' dir='ltr'>Venusta</span> <span class='ocrx_word' id='word_1_79' title='bbox 415 1596 586 1628; x_wconf 75' lang='lat' dir='ltr'>rutilantia</span> 
     </span>
     <span class='ocr_line' id='line_1_27' title="bbox 285 1644 699 1677; baseline 0 0"><span class='ocrx_word' id='word_1_80' title='bbox 285 1645 336 1677; x_wconf 82' lang='lat' dir='ltr'>Tu</span> <span class='ocrx_word' id='word_1_81' title='bbox 361 1645 472 1677; x_wconf 83' lang='lat' dir='ltr'>sidera</span> <span class='ocrx_word' id='word_1_82' title='bbox 498 1653 568 1677; x_wconf 83' lang='lat' dir='ltr'>cum</span> <span class='ocrx_word' id='word_1_83' title='bbox 595 1644 699 1677; x_wconf 89' lang='lat' dir='ltr'>stellis</span> 
     </span>
     <span class='ocr_line' id='line_1_28' title="bbox 234 1693 594 1735; baseline -0.006 -8"><span class='ocrx_word' id='word_1_84' title='bbox 234 1694 287 1727; x_wconf 87' lang='lat' dir='ltr'>Ac</span> <span class='ocrx_word' id='word_1_85' title='bbox 311 1694 405 1735; x_wconf 88' lang='lat' dir='ltr'>signa</span> <span class='ocrx_word' id='word_1_86' title='bbox 429 1693 594 1726; x_wconf 78' lang='lat' dir='ltr'>radiantia</span> 
     </span>
     <span class='ocr_line' id='line_1_29' title="bbox 285 1742 660 1787; baseline -0.005 -12"><span class='ocrx_word' id='word_1_87' title='bbox 285 1742 491 1776; x_wconf 86' lang='lat' dir='ltr'>Praeclarius</span> <span class='ocrx_word' id='word_1_88' title='bbox 519 1742 660 1787; x_wconf 79' lang='lat' dir='ltr'>excellis,</span> 
     </span>
    </p>
   </div>
   <div class='ocr_carea' id='block_1_9' title="bbox 151 1828 717 2011">
    <p class='ocr_par' dir='ltr' id='par_1_9' title="bbox 151 1828 717 2011">
     <span class='ocr_line' id='line_1_30' title="bbox 151 1828 654 1871; baseline -0.008 -5"><span class='ocrx_word' id='word_1_89' title='bbox 151 1832 207 1866; x_wconf 89' lang='lat'>14.</span> <span class='ocrx_word' id='word_1_90' title='bbox 233 1828 455 1871; x_wconf 89' lang='lat' dir='ltr'>Limpidulum</span> <span class='ocrx_word' id='word_1_91' title='bbox 481 1829 654 1863; x_wconf 86' lang='lat' dir='ltr'>luciferum</span> 
     </span>
     <span class='ocr_line' id='line_1_31' title="bbox 286 1878 717 1920; baseline -0.005 -8"><span class='ocrx_word' id='word_1_92' title='bbox 286 1878 366 1912; x_wconf 84' lang='lat' dir='ltr'>Cum</span> <span class='ocrx_word' id='word_1_93' title='bbox 392 1878 540 1912; x_wconf 90' lang='lat' dir='ltr'>omnibus</span> <span class='ocrx_word' id='word_1_94' title='bbox 565 1878 717 1920; x_wconf 87' lang='lat' dir='ltr'>planetis,</span> 
     </span>
     <span class='ocr_line' id='line_1_32' title="bbox 233 1926 626 1969; baseline -0.005 -8"><span class='ocrx_word' id='word_1_95' title='bbox 233 1928 410 1961; x_wconf 89' lang='lat' dir='ltr'>Zodiacum</span> <span class='ocrx_word' id='word_1_96' title='bbox 435 1926 626 1969; x_wconf 86' lang='lat' dir='ltr'>signiferum</span> 
     </span>
     <span class='ocr_line' id='line_1_33' title="bbox 286 1976 713 2011; baseline 0 -1"><span class='ocrx_word' id='word_1_97' title='bbox 286 1976 364 2011; x_wconf 78' lang='lat' dir='ltr'>Cum</span> <span class='ocrx_word' id='word_1_98' title='bbox 394 1976 541 2010; x_wconf 88' lang='lat' dir='ltr'>candidis</span> <span class='ocrx_word' id='word_1_99' title='bbox 569 1976 713 2010; x_wconf 85' lang='lat' dir='ltr'>cometis.</span> 
     </span>
    </p>
   </div>
   <div class='ocr_carea' id='block_1_10' title="bbox 151 2060 775 2244">
    <p class='ocr_par' dir='ltr' id='par_1_10' title="bbox 151 2060 775 2244">
     <span class='ocr_line' id='line_1_34' title="bbox 151 2060 775 2107; baseline -0.008 -7"><span class='ocrx_word' id='word_1_100' title='bbox 151 2067 208 2100; x_wconf 90' lang='lat'>15.</span> <span class='ocrx_word' id='word_1_101' title='bbox 236 2061 308 2099; x_wconf 85' lang='lat' dir='ltr'>Iam</span> <span class='ocrx_word' id='word_1_102' title='bbox 334 2064 488 2106; x_wconf 84' lang='lat' dir='ltr'>splendes</span> <span class='ocrx_word' id='word_1_103' title='bbox 507 2074 606 2105; x_wconf 84' lang='lat' dir='ltr'>super</span> <span class='ocrx_word' id='word_1_104' title='bbox 622 2060 775 2107; x_wconf 88' lang='lat' dir='ltr'>Hyadem</span> 
     </span>
     <span class='ocr_line' id='line_1_35' title="bbox 283 2113 728 2155; baseline -0.002 -9"><span class='ocrx_word' id='word_1_105' title='bbox 283 2113 330 2147; x_wconf 87' lang='lat' dir='ltr'>Et</span> <span class='ocrx_word' id='word_1_106' title='bbox 354 2113 483 2155; x_wconf 80' lang='lat' dir='ltr'>globum</span> <span class='ocrx_word' id='word_1_107' title='bbox 510 2113 728 2154; x_wconf 86' lang='lat' dir='ltr'>sublunarem,</span> 
     </span>
     <span class='ocr_line' id='line_1_36' title="bbox 238 2162 702 2204; baseline -0.002 -9"><span class='ocrx_word' id='word_1_108' title='bbox 238 2162 515 2204; x_wconf 77' lang='lat' dir='ltr'>Arcophylaxem‚</span> <span class='ocrx_word' id='word_1_109' title='bbox 542 2162 702 2204; x_wconf 78' lang='lat' dir='ltr'>Plyadem</span> 
     </span>
     <span class='ocr_line' id='line_1_37' title="bbox 285 2210 660 2244; baseline -0.005 0"><span class='ocrx_word' id='word_1_110' title='bbox 285 2210 332 2244; x_wconf 88' lang='lat' dir='ltr'>Et</span> <span class='ocrx_word' id='word_1_111' title='bbox 356 2211 485 2244; x_wconf 85' lang='lat' dir='ltr'>radium</span> <span class='ocrx_word' id='word_1_112' title='bbox 511 2211 660 2244; x_wconf 89' lang='lat' dir='ltr'>solarem.</span> 
     </span>
    </p>
   </div>
   <div class='ocr_carea' id='block_1_11' title="bbox 151 2296 714 2482">
    <p class='ocr_par' dir='ltr' id='par_1_11' title="bbox 151 2296 714 2482">
     <span class='ocr_line' id='line_1_38' title="bbox 151 2296 638 2335; baseline -0.008 0"><span class='ocrx_word' id='word_1_113' title='bbox 151 2302 207 2335; x_wconf 89' lang='lat'>16.</span> <span class='ocrx_word' id='word_1_114' title='bbox 237 2296 383 2334; x_wconf 84' lang='lat' dir='ltr'>Excellis</span> <span class='ocrx_word' id='word_1_115' title='bbox 409 2299 530 2332; x_wconf 84' lang='lat' dir='ltr'>claram</span> <span class='ocrx_word' id='word_1_116' title='bbox 557 2298 638 2332; x_wconf 86' lang='lat' dir='ltr'>elice</span> 
     </span>
     <span class='ocr_line' id='line_1_39' title="bbox 284 2347 607 2391; baseline -0.003 -10"><span class='ocrx_word' id='word_1_117' title='bbox 284 2347 428 2391; x_wconf 86' lang='lat' dir='ltr'>Boetem,</span> <span class='ocrx_word' id='word_1_118' title='bbox 457 2348 607 2381; x_wconf 85' lang='lat' dir='ltr'>Orionem</span> 
     </span>
     <span class='ocr_line' id='line_1_40' title="bbox 237 2396 714 2431; baseline -0.006 0"><span class='ocrx_word' id='word_1_119' title='bbox 237 2398 288 2431; x_wconf 81' lang='lat' dir='ltr'>Ao</span> <span class='ocrx_word' id='word_1_120' title='bbox 311 2405 440 2429; x_wconf 86' lang='lat' dir='ltr'>omnem</span> <span class='ocrx_word' id='word_1_121' title='bbox 464 2396 547 2430; x_wconf 83' lang='lat' dir='ltr'>lueis</span> <span class='ocrx_word' id='word_1_122' title='bbox 572 2397 714 2430; x_wconf 85' lang='lat' dir='ltr'>caelicae</span> 
     </span>
     <span class='ocr_line' id='line_1_41' title="bbox 287 2446 663 2482; baseline -0.005 -2"><span class='ocrx_word' id='word_1_123' title='bbox 287 2446 663 2482; x_wconf 83' lang='lat' dir='ltr'>Praeconstellationem.</span> 
     </span>
    </p>
   </div>
   <div class='ocr_carea' id='block_1_12' title="bbox 853 210 1456 391">
    <p class='ocr_par' dir='ltr' id='par_1_12' title="bbox 853 210 1456 391">
     <span class='ocr_line' id='line_1_42' title="bbox 853 210 1361 255; baseline -0.008 -7"><span class='ocrx_word' id='word_1_124' title='bbox 853 214 909 248; x_wconf 90' lang='lat'>17.</span> <span class='ocrx_word' id='word_1_125' title='bbox 935 210 1093 255; x_wconf 75' lang='lat' dir='ltr'>Refulges</span> <span class='ocrx_word' id='word_1_126' title='bbox 1117 221 1215 254; x_wconf 86' lang='lat' dir='ltr'>super</span> <span class='ocrx_word' id='word_1_127' title='bbox 1239 213 1361 246; x_wconf 85' lang='lat' dir='ltr'>Iridem</span> 
     </span>
     <span class='ocr_line' id='line_1_43' title="bbox 986 261 1378 303; baseline -0.005 -8"><span class='ocrx_word' id='word_1_128' title='bbox 986 262 1158 295; x_wconf 87' lang='lat' dir='ltr'>Praeclare</span> <span class='ocrx_word' id='word_1_129' title='bbox 1182 261 1378 303; x_wconf 84' lang='lat' dir='ltr'>rutilantem,</span> 
     </span>
     <span class='ocr_line' id='line_1_44' title="bbox 938 308 1456 354; baseline -0.004 -11"><span class='ocrx_word' id='word_1_130' title='bbox 938 311 1130 351; x_wconf 87' lang='lat' dir='ltr'>Recurvam,</span> <span class='ocrx_word' id='word_1_131' title='bbox 1156 308 1281 354; x_wconf 80' lang='lat' dir='ltr'>flavam,</span> <span class='ocrx_word' id='word_1_132' title='bbox 1310 309 1456 352; x_wconf 88' lang='lat' dir='ltr'>viridem,</span> 
     </span>
     <span class='ocr_line' id='line_1_45' title="bbox 986 357 1336 391; baseline 0.003 -1"><span class='ocrx_word' id='word_1_133' title='bbox 986 357 1130 391; x_wconf 85' lang='lat' dir='ltr'>Luciflue</span> <span class='ocrx_word' id='word_1_134' title='bbox 1153 359 1336 391; x_wconf 78' lang='lat' dir='ltr'>micantem.</span> 
     </span>
    </p>
   </div>
   <div class='ocr_carea' id='block_1_13' title="bbox 855 432 1369 620">
    <p class='ocr_par' dir='ltr' id='par_1_13' title="bbox 855 432 1369 620">
     <span class='ocr_line' id='line_1_46' title="bbox 855 432 1369 476; baseline -0.006 -6"><span class='ocrx_word' id='word_1_135' title='bbox 855 436 911 470; x_wconf 76' lang='lat' dir='ltr'>is.</span> <span class='ocrx_word' id='word_1_136' title='bbox 937 432 1087 470; x_wconf 84' lang='lat' dir='ltr'>Illustras</span> <span class='ocrx_word' id='word_1_137' title='bbox 1112 444 1210 476; x_wconf 83' lang='lat' dir='ltr'>super</span> <span class='ocrx_word' id='word_1_138' title='bbox 1233 433 1369 467; x_wconf 72' lang='lat' dir='ltr'>fulmina</span> 
     </span>
     <span class='ocr_line' id='line_1_47' title="bbox 985 484 1290 517; baseline -0.003 -1"><span class='ocrx_word' id='word_1_139' title='bbox 985 484 1035 516; x_wconf 89' lang='lat' dir='ltr'>Tu</span> <span class='ocrx_word' id='word_1_140' title='bbox 1061 484 1290 517; x_wconf 81' lang='lat' dir='ltr'>coruscationis</span> 
     </span>
     <span class='ocr_line' id='line_1_48' title="bbox 937 532 1361 572; baseline -0.007 -7"><span class='ocrx_word' id='word_1_141' title='bbox 937 532 983 566; x_wconf 79' lang='lat' dir='ltr'>Et</span> <span class='ocrx_word' id='word_1_142' title='bbox 1007 541 1105 572; x_wconf 83' lang='lat' dir='ltr'>super</span> <span class='ocrx_word' id='word_1_143' title='bbox 1130 532 1196 564; x_wconf 88' lang='lat' dir='ltr'>alta</span> <span class='ocrx_word' id='word_1_144' title='bbox 1222 532 1361 563; x_wconf 90' lang='lat' dir='ltr'>culmina</span> 
     </span>
     <span class='ocr_line' id='line_1_49' title="bbox 988 580 1321 620; baseline 0.003 -7"><span class='ocrx_word' id='word_1_145' title='bbox 988 580 1145 614; x_wconf 85' lang='lat' dir='ltr'>Caelestis</span> <span class='ocrx_word' id='word_1_146' title='bbox 1171 580 1321 620; x_wconf 75' lang='lat' dir='ltr'>regionis,</span> 
     </span>
    </p>
   </div>
   <div class='ocr_carea' id='block_1_14' title="bbox 857 665 1385 852">
    <p class='ocr_par' dir='ltr' id='par_1_14' title="bbox 857 665 1385 708">
     <span class='ocr_line' id='line_1_50' title="bbox 857 665 1385 708; baseline -0.006 -7"><span class='ocrx_word' id='word_1_147' title='bbox 857 668 912 701; x_wconf 83' lang='lat'>19.</span> <span class='ocrx_word' id='word_1_148' title='bbox 939 665 1053 708; x_wconf 83' lang='lat' dir='ltr'>Beata,</span> <span class='ocrx_word' id='word_1_149' title='bbox 1080 676 1162 708; x_wconf 85' lang='lat' dir='ltr'>quae</span> <span class='ocrx_word' id='word_1_150' title='bbox 1186 666 1385 708; x_wconf 81' lang='lat' dir='ltr'>signaculum</span> 
     </span>
    </p>

    <p class='ocr_par' dir='ltr' id='par_1_15' title="bbox 938 715 1378 852">
     <span class='ocr_line' id='line_1_51' title="bbox 986 715 1378 756; baseline -0.008 -7"><span class='ocrx_word' id='word_1_151' title='bbox 986 716 1032 749; x_wconf 86' lang='lat' dir='ltr'>Es</span> <span class='ocrx_word' id='word_1_152' title='bbox 1058 718 1188 748; x_wconf 82' lang='lat' dir='ltr'>sanctae</span> <span class='ocrx_word' id='word_1_153' title='bbox 1213 715 1378 756; x_wconf 83' lang='lat' dir='ltr'>trinitatis,</span> 
     </span>
     <span class='ocr_line' id='line_1_52' title="bbox 938 764 1328 797; baseline -0.005 0"><span class='ocrx_word' id='word_1_154' title='bbox 938 764 1087 797; x_wconf 85' lang='lat' dir='ltr'>Electum</span> <span class='ocrx_word' id='word_1_155' title='bbox 1112 764 1328 796; x_wconf 87' lang='lat' dir='ltr'>habitaculum</span> 
     </span>
     <span class='ocr_line' id='line_1_53' title="bbox 987 812 1321 852; baseline -0.003 -7"><span class='ocrx_word' id='word_1_156' title='bbox 987 812 1154 852; x_wconf 83' lang='lat' dir='ltr'>Supernae</span> <span class='ocrx_word' id='word_1_157' title='bbox 1179 812 1321 847; x_wconf 83' lang='lat' dir='ltr'>deitatis.</span> 
     </span>
    </p>
   </div>
   <div class='ocr_carea' id='block_1_15' title="bbox 856 896 1448 1077">
    <p class='ocr_par' dir='ltr' id='par_1_16' title="bbox 856 896 1448 1077">
     <span class='ocr_line' id='line_1_54' title="bbox 856 896 1359 939; baseline -0.008 -6"><span class='ocrx_word' id='word_1_158' title='bbox 856 901 913 933; x_wconf 83' lang='lat'>20.</span> <span class='ocrx_word' id='word_1_159' title='bbox 939 896 1089 932; x_wconf 82' lang='lat' dir='ltr'>Virtutes</span> <span class='ocrx_word' id='word_1_160' title='bbox 1117 905 1150 930; x_wconf 84' lang='lat' dir='ltr'>et</span> <span class='ocrx_word' id='word_1_161' title='bbox 1174 898 1359 939; x_wconf 85' lang='lat' dir='ltr'>archangeli</span> 
     </span>
     <span class='ocr_line' id='line_1_55' title="bbox 988 947 1406 988; baseline -0.005 -9"><span class='ocrx_word' id='word_1_162' title='bbox 988 948 1045 988; x_wconf 73' lang='lat' dir='ltr'>Te,</span> <span class='ocrx_word' id='word_1_163' title='bbox 1072 947 1173 988; x_wconf 83' lang='lat' dir='ltr'>virgo,</span> <span class='ocrx_word' id='word_1_164' title='bbox 1203 949 1406 985; x_wconf 87' lang='lat' dir='ltr'>venerantur,</span> 
     </span>
     <span class='ocr_line' id='line_1_56' title="bbox 938 994 1329 1036; baseline -0.005 -8"><span class='ocrx_word' id='word_1_165' title='bbox 938 996 984 1029; x_wconf 84' lang='lat' dir='ltr'>Et</span> <span class='ocrx_word' id='word_1_166' title='bbox 1007 998 1194 1036; x_wconf 86' lang='lat' dir='ltr'>potestates,</span> <span class='ocrx_word' id='word_1_167' title='bbox 1222 994 1329 1035; x_wconf 83' lang='lat' dir='ltr'>angeli</span> 
     </span>
     <span class='ocr_line' id='line_1_57' title="bbox 986 1041 1448 1077; baseline -0.004 0"><span class='ocrx_word' id='word_1_168' title='bbox 986 1044 1067 1077; x_wconf 82' lang='lat' dir='ltr'>Cum</span> <span class='ocrx_word' id='word_1_169' title='bbox 1090 1043 1216 1076; x_wconf 83' lang='lat' dir='ltr'>thronis</span> <span class='ocrx_word' id='word_1_170' title='bbox 1242 1041 1448 1075; x_wconf 81' lang='lat' dir='ltr'>famulantur.</span> 
     </span>
    </p>
   </div>
   <div class='ocr_carea' id='block_1_16' title="bbox 856 1127 1424 1310">
    <p class='ocr_par' dir='ltr' id='par_1_17' title="bbox 856 1127 1424 1310">
     <span class='ocr_line' id='line_1_58' title="bbox 856 1127 1382 1169; baseline -0.006 -5"><span class='ocrx_word' id='word_1_171' title='bbox 856 1132 911 1166; x_wconf 90' lang='grc'>21.</span> <span class='ocrx_word' id='word_1_172' title='bbox 939 1127 995 1166; x_wconf 83' lang='lat' dir='ltr'>Sic</span> <span class='ocrx_word' id='word_1_173' title='bbox 1019 1129 1190 1169; x_wconf 86' lang='lat' dir='ltr'>Seraphim</span> <span class='ocrx_word' id='word_1_174' title='bbox 1216 1129 1382 1169; x_wconf 83' lang='lat' dir='ltr'>altissima,</span> 
     </span>
     <span class='ocr_line' id='line_1_59' title="bbox 986 1178 1385 1220; baseline -0.008 -9"><span class='ocrx_word' id='word_1_175' title='bbox 986 1179 1040 1212; x_wconf 87' lang='lat' dir='ltr'>Sic</span> <span class='ocrx_word' id='word_1_176' title='bbox 1065 1179 1145 1211; x_wconf 89' lang='lat' dir='ltr'>ordo</span> <span class='ocrx_word' id='word_1_177' title='bbox 1172 1178 1385 1220; x_wconf 80' lang='lat' dir='ltr'>principatus,</span> 
     </span>
     <span class='ocr_line' id='line_1_60' title="bbox 937 1226 1424 1261; baseline -0.006 -1"><span class='ocrx_word' id='word_1_178' title='bbox 937 1228 991 1261; x_wconf 88' lang='lat' dir='ltr'>Sic</span> <span class='ocrx_word' id='word_1_179' title='bbox 1018 1226 1190 1260; x_wconf 80' lang='lat' dir='ltr'>Cherubim</span> <span class='ocrx_word' id='word_1_180' title='bbox 1216 1226 1424 1259; x_wconf 89' lang='lat' dir='ltr'>sanctissima</span> 
     </span>
     <span class='ocr_line' id='line_1_61' title="bbox 987 1276 1408 1310; baseline -0.007 -1"><span class='ocrx_word' id='word_1_181' title='bbox 987 1276 1065 1310; x_wconf 76' lang='lat' dir='ltr'>Gum</span> <span class='ocrx_word' id='word_1_182' title='bbox 1092 1276 1189 1308; x_wconf 90' lang='lat' dir='ltr'>choro</span> <span class='ocrx_word' id='word_1_183' title='bbox 1218 1276 1408 1308; x_wconf 83' lang='lat' dir='ltr'>dominatus.</span> 
     </span>
    </p>
   </div>
   <div class='ocr_carea' id='block_1_17' title="bbox 853 1360 1454 1549">
    <p class='ocr_par' dir='ltr' id='par_1_18' title="bbox 853 1360 1398 1404">
     <span class='ocr_line' id='line_1_62' title="bbox 853 1360 1398 1404; baseline -0.007 -7"><span class='ocrx_word' id='word_1_184' title='bbox 853 1365 909 1398; x_wconf 84' lang='lat'>22.</span> <span class='ocrx_word' id='word_1_185' title='bbox 938 1360 967 1398; x_wconf 83' lang='lat' dir='ltr'><strong>E</strong></span> <span class='ocrx_word' id='word_1_186' title='bbox 996 1362 1110 1404; x_wconf 82' lang='lat' dir='ltr'>quibus</span> <span class='ocrx_word' id='word_1_187' title='bbox 1137 1365 1171 1394; x_wconf 89' lang='lat' dir='ltr'>tu</span> <span class='ocrx_word' id='word_1_188' title='bbox 1198 1362 1398 1394; x_wconf 89' lang='lat' dir='ltr'>harmoniam</span> 
     </span>
    </p>

    <p class='ocr_par' dir='ltr' id='par_1_19' title="bbox 985 1410 1385 1451">
     <span class='ocr_line' id='line_1_63' title="bbox 985 1410 1385 1451; baseline -0.005 -7"><span class='ocrx_word' id='word_1_189' title='bbox 985 1411 1110 1444; x_wconf 84' lang='lat' dir='ltr'>Fiellae</span> <span class='ocrx_word' id='word_1_190' title='bbox 1135 1420 1265 1451; x_wconf 80' lang='lat' dir='ltr'>semper</span> <span class='ocrx_word' id='word_1_191' title='bbox 1290 1410 1385 1443; x_wconf 80' lang='lat' dir='ltr'>audis</span> 
     </span>
    </p>

    <p class='ocr_par' dir='ltr' id='par_1_20' title="bbox 936 1459 1454 1549">
     <span class='ocr_line' id='line_1_64' title="bbox 936 1459 1403 1501; baseline -0.004 -8"><span class='ocrx_word' id='word_1_192' title='bbox 936 1460 982 1494; x_wconf 89' lang='lat' dir='ltr'>Et</span> <span class='ocrx_word' id='word_1_193' title='bbox 1008 1460 1152 1492; x_wconf 85' lang='lat' dir='ltr'>citharae</span> <span class='ocrx_word' id='word_1_194' title='bbox 1178 1459 1403 1501; x_wconf 85' lang='lat' dir='ltr'>symphoniam</span> 
     </span>
     <span class='ocr_line' id='line_1_65' title="bbox 986 1506 1454 1549; baseline -0.004 -8"><span class='ocrx_word' id='word_1_195' title='bbox 986 1508 1064 1542; x_wconf 88' lang='lat' dir='ltr'>Cum</span> <span class='ocrx_word' id='word_1_196' title='bbox 1089 1509 1209 1549; x_wconf 82' lang='lat' dir='ltr'>hymno</span> <span class='ocrx_word' id='word_1_197' title='bbox 1236 1511 1312 1540; x_wconf 87' lang='lat' dir='ltr'>tuae</span> <span class='ocrx_word' id='word_1_198' title='bbox 1335 1506 1454 1548; x_wconf 86' lang='lat' dir='ltr'>laudis,</span> 
     </span>
    </p>
   </div>
   <div class='ocr_carea' id='block_1_18' title="bbox 853 1593 1460 1784">
    <p class='ocr_par' dir='ltr' id='par_1_21' title="bbox 853 1593 1460 1784">
     <span class='ocr_line' id='line_1_66' title="bbox 853 1593 1357 1631; baseline -0.008 0"><span class='ocrx_word' id='word_1_199' title='bbox 853 1598 910 1631; x_wconf 80' lang='lat'>23.</span> <span class='ocrx_word' id='word_1_200' title='bbox 937 1593 1019 1631; x_wconf 84' lang='lat' dir='ltr'>Tam</span> <span class='ocrx_word' id='word_1_201' title='bbox 1045 1604 1145 1628; x_wconf 87' lang='lat' dir='ltr'>suave</span> <span class='ocrx_word' id='word_1_202' title='bbox 1170 1596 1357 1628; x_wconf 86' lang='lat' dir='ltr'>resonantia</span> 
     </span>
     <span class='ocr_line' id='line_1_67' title="bbox 983 1644 1376 1678; baseline -0.003 -1"><span class='ocrx_word' id='word_1_203' title='bbox 983 1644 1146 1678; x_wconf 86' lang='lat' dir='ltr'>Psalteria</span> <span class='ocrx_word' id='word_1_204' title='bbox 1172 1654 1245 1676; x_wconf 83' lang='lat' dir='ltr'>cum</span> <span class='ocrx_word' id='word_1_205' title='bbox 1269 1644 1376 1676; x_wconf 83' lang='lat' dir='ltr'>sistris</span> 
     </span>
     <span class='ocr_line' id='line_1_68' title="bbox 935 1693 1328 1734; baseline -0.005 -8"><span class='ocrx_word' id='word_1_206' title='bbox 935 1694 987 1726; x_wconf 86' lang='lat' dir='ltr'>Ac</span> <span class='ocrx_word' id='word_1_207' title='bbox 1012 1702 1133 1734; x_wconf 84' lang='lat' dir='ltr'>organa</span> <span class='ocrx_word' id='word_1_208' title='bbox 1159 1693 1328 1734; x_wconf 81' lang='lat' dir='ltr'>crepantia</span> 
     </span>
     <span class='ocr_line' id='line_1_69' title="bbox 987 1740 1460 1784; baseline 0 -9"><span class='ocrx_word' id='word_1_209' title='bbox 987 1742 1066 1775; x_wconf 88' lang='lat' dir='ltr'>Cum</span> <span class='ocrx_word' id='word_1_210' title='bbox 1091 1742 1174 1784; x_wconf 87' lang='lat' dir='ltr'>lyris</span> <span class='ocrx_word' id='word_1_211' title='bbox 1199 1740 1460 1782; x_wconf 85' lang='lat' dir='ltr'>tymphanistris.</span> 
     </span>
    </p>
   </div>
   <div class='ocr_carea' id='block_1_19' title="bbox 851 1828 1435 2008">
    <p class='ocr_par' dir='ltr' id='par_1_22' title="bbox 851 1828 1435 1920">
     <span class='ocr_line' id='line_1_70' title="bbox 851 1828 1383 1870; baseline -0.008 -6"><span class='ocrx_word' id='word_1_212' title='bbox 851 1831 908 1865; x_wconf 80' lang='lat'>24.</span> <span class='ocrx_word' id='word_1_213' title='bbox 935 1828 1137 1865; x_wconf 89' lang='lat' dir='ltr'>Blandisone</span> <span class='ocrx_word' id='word_1_214' title='bbox 1160 1829 1383 1870; x_wconf 87' lang='lat' dir='ltr'>clangentibus</span> 
     </span>
     <span class='ocr_line' id='line_1_71' title="bbox 987 1877 1435 1920; baseline -0.004 -9"><span class='ocrx_word' id='word_1_215' title='bbox 987 1878 1066 1911; x_wconf 82' lang='lat' dir='ltr'>Cum</span> <span class='ocrx_word' id='word_1_216' title='bbox 1093 1878 1251 1920; x_wconf 81' lang='lat' dir='ltr'>cymbalis</span> <span class='ocrx_word' id='word_1_217' title='bbox 1279 1877 1435 1918; x_wconf 77' lang='lat' dir='ltr'>exsultas,</span> 
     </span>
    </p>

    <p class='ocr_par' dir='ltr' id='par_1_23' title="bbox 934 1925 1394 1968">
     <span class='ocr_line' id='line_1_72' title="bbox 934 1925 1394 1968; baseline -0.007 -8"><span class='ocrx_word' id='word_1_218' title='bbox 934 1928 972 1961; x_wconf 89' lang='lat' dir='ltr'>In</span> <span class='ocrx_word' id='word_1_219' title='bbox 999 1926 1086 1959; x_wconf 87' lang='lat' dir='ltr'>tubis</span> <span class='ocrx_word' id='word_1_220' title='bbox 1112 1925 1394 1968; x_wconf 85' lang='lat' dir='ltr'>perstrepentibus</span> 
     </span>
    </p>

    <p class='ocr_par' dir='ltr' id='par_1_24' title="bbox 984 1975 1392 2008">
     <span class='ocr_line' id='line_1_73' title="bbox 984 1975 1392 2008; baseline -0.005 0"><span class='ocrx_word' id='word_1_221' title='bbox 984 1976 1034 2008; x_wconf 89' lang='lat' dir='ltr'>Tu</span> <span class='ocrx_word' id='word_1_222' title='bbox 1059 1976 1195 2008; x_wconf 90' lang='lat' dir='ltr'>iubilum</span> <span class='ocrx_word' id='word_1_223' title='bbox 1220 1975 1392 2007; x_wconf 86' lang='lat' dir='ltr'>auscultas.</span> 
     </span>
    </p>
   </div>
   <div class='ocr_carea' id='block_1_20' title="bbox 851 2060 1414 2249">
    <p class='ocr_par' dir='ltr' id='par_1_25' title="bbox 851 2060 1411 2152">
     <span class='ocr_line' id='line_1_74' title="bbox 851 2060 1411 2105; baseline -0.005 -8"><span class='ocrx_word' id='word_1_224' title='bbox 851 2065 908 2099; x_wconf 84' lang='lat'>25.</span> <span class='ocrx_word' id='word_1_225' title='bbox 937 2060 1001 2105; x_wconf 84' lang='lat' dir='ltr'>En,</span> <span class='ocrx_word' id='word_1_226' title='bbox 1030 2063 1119 2104; x_wconf 81' lang='lat' dir='ltr'>virgo</span> <span class='ocrx_word' id='word_1_227' title='bbox 1146 2061 1411 2103; x_wconf 88' lang='lat' dir='ltr'>praecellentiam</span> 
     </span>
     <span class='ocr_line' id='line_1_75' title="bbox 985 2109 1390 2152; baseline -0.007 -8"><span class='ocrx_word' id='word_1_228' title='bbox 985 2112 1061 2152; x_wconf 81' lang='lat' dir='ltr'>Quis</span> <span class='ocrx_word' id='word_1_229' title='bbox 1087 2115 1176 2144; x_wconf 89' lang='lat' dir='ltr'>tuam</span> <span class='ocrx_word' id='word_1_230' title='bbox 1203 2109 1390 2143; x_wconf 82' lang='lat' dir='ltr'>enarrabit?</span> 
     </span>
    </p>

    <p class='ocr_par' dir='ltr' id='par_1_26' title="bbox 937 2159 1414 2249">
     <span class='ocr_line' id='line_1_76' title="bbox 937 2159 1342 2201; baseline -0.01 -7"><span class='ocrx_word' id='word_1_231' title='bbox 937 2160 1123 2194; x_wconf 84' lang='lat' dir='ltr'>Secundum</span> <span class='ocrx_word' id='word_1_232' title='bbox 1148 2159 1342 2201; x_wconf 82' lang='lat' dir='ltr'>exigentiam</span> 
     </span>
     <span class='ocr_line' id='line_1_77' title="bbox 985 2206 1414 2249; baseline -0.005 -7"><span class='ocrx_word' id='word_1_233' title='bbox 985 2209 1062 2249; x_wconf 72' lang='lat' dir='ltr'>Quis</span> <span class='ocrx_word' id='word_1_234' title='bbox 1088 2213 1122 2241; x_wconf 86' lang='lat' dir='ltr'>te</span> <span class='ocrx_word' id='word_1_235' title='bbox 1146 2206 1414 2249; x_wconf 82' lang='lat' dir='ltr'>praeconizabit‘?</span> 
     </span>
    </p>
   </div>
   <div class='ocr_carea' id='block_1_21' title="bbox 856 2295 1443 2484">
    <p class='ocr_par' dir='ltr' id='par_1_27' title="bbox 856 2295 1443 2484">
     <span class='ocr_line' id='line_1_78' title="bbox 856 2295 1443 2333; baseline -0.003 -2"><span class='ocrx_word' id='word_1_236' title='bbox 856 2300 912 2333; x_wconf 83' lang='lat'>26.</span> <span class='ocrx_word' id='word_1_237' title='bbox 939 2295 1023 2333; x_wconf 90' lang='lat' dir='ltr'>Nam</span> <span class='ocrx_word' id='word_1_238' title='bbox 1048 2297 1184 2329; x_wconf 86' lang='lat' dir='ltr'>multum</span> <span class='ocrx_word' id='word_1_239' title='bbox 1210 2295 1443 2329; x_wconf 84' lang='lat' dir='ltr'>affectaverant</span> 
     </span>
     <span class='ocr_line' id='line_1_79' title="bbox 990 2345 1412 2391; baseline 0 -13"><span class='ocrx_word' id='word_1_240' title='bbox 990 2346 1038 2378; x_wconf 93' lang='lat' dir='ltr'>Te</span> <span class='ocrx_word' id='word_1_241' title='bbox 1064 2345 1169 2378; x_wconf 86' lang='lat' dir='ltr'>sancti</span> <span class='ocrx_word' id='word_1_242' title='bbox 1194 2345 1412 2391; x_wconf 80' lang='lat' dir='ltr'>patriarchae,</span> 
     </span>
     <span class='ocr_line' id='line_1_80' title="bbox 939 2394 1416 2436; baseline 0 -9"><span class='ocrx_word' id='word_1_243' title='bbox 939 2395 1001 2436; x_wconf 70' lang='lat' dir='ltr'>Qui</span> <span class='ocrx_word' id='word_1_244' title='bbox 1025 2394 1154 2435; x_wconf 82' lang='lat' dir='ltr'>pridem</span> <span class='ocrx_word' id='word_1_245' title='bbox 1179 2394 1416 2435; x_wconf 82' lang='lat' dir='ltr'>adoptaverant</span> 
     </span>
     <span class='ocr_line' id='line_1_81' title="bbox 989 2444 1389 2484; baseline 0.005 -8"><span class='ocrx_word' id='word_1_246' title='bbox 989 2444 1109 2477; x_wconf 88' lang='lat' dir='ltr'>Videre</span> <span class='ocrx_word' id='word_1_247' title='bbox 1135 2445 1166 2475; x_wconf 90' lang='lat' dir='ltr'>te</span> <span class='ocrx_word' id='word_1_248' title='bbox 1190 2452 1254 2476; x_wconf 89' lang='lat' dir='ltr'>non</span> <span class='ocrx_word' id='word_1_249' title='bbox 1279 2452 1389 2484; x_wconf 77' lang='lat' dir='ltr'>parce.</span> 
     </span>
    </p>
   </div>
  </div>
 </body>
</html>
