1655 2726
189 1972 245 2004 10.

248 261 255 268 .
281 237 362 277 Ave,
389 236 490 275 virgo,

334 283 491 316 caelorum
518 283 678 324 gaudium,

283 331 452 372 Synagoga

329 380 436 411 cincta
461 379 655 422 caelestium,

279 427 363 459 Dum
388 427 422 458 in
447 427 515 459 alta

330 476 426 507 ducta
446 483 505 514 per
529 474 630 507 filium

281 522 503 556 Conscendisti

325 575 492 611 paternum
518 572 643 612 solium,

277 619 316 652 In
343 628 403 660 quo
430 620 558 652 tandem

327 666 383 699 fiet
406 667 558 699 iudicium

378 715 582 756 Populorum.

245 838 251 844 .
276 812 357 851 Ave,
383 811 483 853 virgo,

325 859 436 898 regina
460 859 612 896 siderum,

277 906 378 949 Luna,
405 907 517 938 mortis

325 954 489 994 depellens
514 955 694 994 Hesperum

274 1002 467 1034 Matutinum

322 1050 364 1082 ad
389 1051 500 1083 mundi
525 1059 693 1091 vesperum

273 1098 468 1139 Produxisti‚

324 1146 430 1186 stella,
455 1145 636 1187 luciferum,

275 1193 353 1226 Cum
379 1202 438 1233 per
462 1198 550 1226 tuum

324 1251 381 1273 nos
406 1241 482 1273 visit
506 1244 629 1273 uterum

368 1289 439 1321 Rex
464 1290 633 1321 caelorum.

241 1413 248 1418 .
276 1386 356 1426 Ave⁷
384 1385 483 1427 virgo,

321 1432 469 1472 praevisa
494 1433 636 1472 caelitus,

273 1481 326 1513 Ab
353 1484 483 1514 aeterno

321 1529 454 1561 thronus
481 1528 667 1569 dispositus,

274 1577 373 1616 Quem
398 1577 526 1609 ornavit

321 1626 406 1656 intus
433 1625 618 1667 paraclitus,

271 1673 344 1705 Non
369 1673 492 1704 invenit

318 1724 449 1760 praeter
474 1724 506 1752 te
531 1721 667 1762 penitus,

270 1769 309 1801 In
334 1777 397 1808 qua
420 1769 522 1808 patris

319 1825 354 1847 se
378 1817 559 1856 unigenitus

368 1863 555 1897 Collocaret.

270 1971 351 2012 Ave,
377 1971 529 2010 templum

317 2018 464 2050 caelestis
490 2019 606 2059 curiae,

270 2066 370 2099 Sedes
396 2069 472 2106 apta

317 2115 385 2155 regi
411 2116 553 2147 iustitiae

269 2164 332 2196 Per
357 2166 389 2195 te
414 2164 502 2195 venit

317 2212 357 2244 de
382 2211 497 2244 throno
522 2212 644 2253 gloriae

266 2260 425 2292 Inclinato

314 2311 422 2340 monte
446 2308 618 2349 potentiae,

267 2356 313 2388 Ut
336 2357 379 2389 ad
404 2361 533 2389 nostrae

314 2405 431 2437 vallem
455 2406 603 2438 miseriae

362 2453 630 2495 Transmigraret.

734 138 970 172 —12—

895 237 950 268 11.

888 811 941 842 12.

884 1385 938 1417 13.

875 1971 929 2003 14.

978 236 1058 274 Ave,
1084 235 1116 266 in
1144 244 1207 275 qua

1021 283 1089 323 regi
1117 284 1319 326 complacuit,

975 331 1053 363 Cum
1078 334 1111 362 te
1135 335 1223 363 terra

1019 379 1122 411 virtus
1149 380 1287 421 evanuit,

970 426 1053 458 Nam
1078 436 1137 459 rex
1163 427 1270 460 David

1016 477 1186 515 postquam
1210 475 1360 517 refriguit

970 522 1045 554 Sola
1070 531 1178 554 senem

1019 570 1129 602 fovere
1154 572 1281 611 meruit,

968 619 1056 658 Quae
1080 627 1160 658 prae
1186 620 1308 651 cunctis

1018 667 1133 699 decens
1159 668 1319 708 apparuit,

1064 714 1247 747 Sunamitis.

971 813 1050 848 Ave,
1078 814 1174 848 terra,

1016 858 1066 889 cui
1090 861 1218 897 sputum
1244 860 1373 890 miscuit

968 907 1072 945 Pater,
1098 907 1184 938 unde

1012 954 1117 985 lumen
1144 955 1287 986 restituit

963 1002 1035 1042 His,
1062 1010 1139 1042 quos
1164 1002 1279 1034 umbra

1011 1050 1122 1081 mortis
1149 1050 1293 1090 detinuit,

964 1098 1027 1130 Per
1053 1101 1084 1128 te
1109 1098 1202 1129 lassis

1011 1146 1144 1177 salutem
1169 1146 1285 1178 tribuit

963 1195 1005 1231 Is,
1033 1194 1085 1233 qui
1112 1195 1241 1225 moestis

1012 1242 1086 1273 olim
1113 1242 1276 1273 condoluit

1059 1289 1223 1323 Ninivitis,

963 1385 1043 1422 Ave,
1070 1392 1129 1424 per
1153 1394 1248 1425 quam

1008 1432 1064 1463 lux
1088 1434 1161 1464 novi
1186 1433 1303 1465 sideris

960 1479 1101 1519 Lapsum
1126 1481 1229 1513 nostri

1008 1528 1151 1568 respexit
1174 1529 1310 1570 generis,

961 1575 1127 1608 Visitando

1008 1624 1131 1656 clausos
1155 1625 1188 1656 in
1213 1624 1327 1657 inferis

958 1671 1003 1703 Et
1028 1673 1159 1704 eductos

1007 1720 1048 1751 de
1072 1720 1164 1752 domo
1191 1722 1329 1753 carceris

959 1767 1071 1799 Secum
1097 1769 1200 1801 victor

1007 1819 1048 1848 ad
1076 1817 1160 1849 cives
1185 1818 1324 1850 aetheris

1052 1864 1238 1898 Revocavit.

957 1970 1036 2014 Ave,
1063 1971 1164 2012 virgo,

1005 2018 1124 2051 Christi
1149 2021 1343 2063 cenaculum,

955 2066 994 2098 In
1020 2076 1080 2107 quo
1106 2070 1242 2100 stratum

1003 2115 1137 2155 pudoris
1161 2116 1315 2150 lectulum

958 2162 1016 2194 Vir
1040 2163 1163 2196 invenit

1002 2211 1127 2244 intrans
1153 2213 1194 2245 ad
1219 2215 1389 2254 parvulum

957 2259 1073 2300 Sicque
1094 2269 1185 2293 suum

1003 2308 1036 2339 in
1063 2308 1302 2344 tabernaculum

957 2355 1150 2388 Suscitatum

1005 2405 1048 2437 ad
1073 2406 1171 2438 vitam
1196 2408 1350 2448 populum

1052 2453 1254 2494 Reportavit.
