1655 2726
772 148 814 154 --
867 128 1030 164 204—

246 227 348 260 1341.
363 226 500 260 Munere
525 237 545 259 a
568 227 637 259 Deo
661 228 727 267 tuo,

362 275 455 317 Diva,
485 276 569 308 dites
593 283 680 306 nnnc
703 274 871 319 hominem,

361 324 452 363 Quod
477 325 562 356 hunc
588 324 677 355 dotat
702 331 800 364 regno
817 333 874 356 suo

360 371 476 403 Mundi
504 380 622 412 parans
648 371 811 411 originem.

244 439 346 473 1342.
363 438 524 479 Originem
550 438 730 471 sanctitatis

359 487 404 519 Et
428 488 518 527 pacis
544 487 775 519 abundantiam

362 534 466 578 Sume,
491 536 592 578 virgo,
618 535 666 567 tui
691 535 791 575 gratis

362 583 478 616 Mundi
503 592 563 624 per
588 583 825 617 abstinentiam.

244 651 346 684 1343.
361 650 601 682 Abstinentiam
625 650 724 690 igitur

361 698 412 730 Da
436 699 514 730 mihi
539 701 592 730 tuo
618 698 758 739 numine,

362 746 457 788 Nam,
475 746 592 786 Maria,
612 746 696 786 quod
713 745 872 790 perditur,

359 794 409 826 Tu
429 795 540 827 reddis
565 795 648 826 almo
673 793 824 835 germine.

936 228 1042 262 1344.
1059 225 1210 258 Germine
1234 227 1288 256 tuo
1316 223 1474 264 germinat

1052 275 1119 307 Iam
1147 283 1252 306 rerum
1279 271 1482 307 universitas,

1052 323 1099 355 Te
1121 323 1249 355 trinitas
1274 319 1436 353 illuminat

1051 370 1096 403 Et
1119 370 1309 411 principalis
1335 368 1452 400 unitas,

934 439 1037 472 1345.
1052 438 1168 472 Unitas
1193 446 1305 470 manus
1334 435 1463 468 divinae

1052 486 1127 520 Tibi
1154 485 1293 519 tradidit
1317 483 1424 516 omnia

1055 534 1172 578 Maria,
1201 534 1250 566 cui
1276 533 1346 564 sine
1368 530 1433 564 fine

1055 583 1105 616 Sit
1129 582 1325 623 sempiterna
1349 579 1462 620 gloria.

934 651 1039 683 1346.
1055 648 1167 681 Gloria
1191 648 1260 692 tibi,
1287 647 1405 688 Maria,

1053 697 1170 738 Decus,
1196 697 1292 739 saluS,
1319 694 1475 733 laudatio,

1056 746 1211 785 Hymnus,
1226 745 1367 786 psalmus
1382 746 1415 774 et
1422 743 1492 774 laus
1502 743 1568 786 pia,

1053 793 1166 825 Honor
1192 798 1223 825 et
1248 791 1443 825 benedictio.

842 880 918 913 CXI
922 881 971 913 1V.

244 948 348 981 1347.
364 947 487 989 Lauda,
515 944 564 992 [o]
592 947 698 979 anima
721 956 802 988 mea,

362 995 589 1036 Dignissimam
615 995 793 1035 mulierum,

364 1043 445 1082 Quia
469 1044 603 1075 multum
622 1044 709 1075 valet
733 1052 772 1075 ea

362 1091 415 1123 Ad
428 1090 620 1124 firmandum
637 1100 692 1123 cor
704 1092 877 1124 sincerum.

248 1159 352 1192 1348.
367 1158 533 1191 Sincerum
557 1161 594 1190 ut
618 1159 670 1200 sit,
695 1158 812 1202 Maria,

364 1207 418 1239 Ad
443 1209 476 1239 te
500 1215 605 1238 meum
631 1206 800 1247 eloquium,

364 1254 469 1287 Labia
496 1255 647 1287 decenter
671 1255 734 1295 pia,

363 1301 468 1335 Aufer
493 1303 633 1335 calorem
659 1303 798 1336 noxium.

248 1371 351 1403 1349.
366 1369 505 1402 Noxium
532 1379 647 1410 corpus
673 1370 797 1402 animae

365 1418 430 1450 Per
454 1418 604 1450 offensam
631 1422 680 1449 est
703 1418 835 1460 variam,

366 1465 431 1498 Sed
458 1467 499 1498 da
525 1475 590 1506 cor,
618 1466 703 1506 quod
727 1466 870 1506 legitime

367 1513 479 1546 Carnis
504 1517 587 1546 terat
614 1514 807 1554 superbiam.

939 948 1040 980 1350.
1057 946 1247 988 Superbiam
1267 955 1356 978 mens
1382 944 1491 977 sobria

1055 995 1165 1028 Tollat
1188 1005 1207 1027 a
1234 995 1338 1027 carnis
1365 992 1522 1033 sensibus,

1056 1043 1118 1074 Tui
1142 1047 1230 1075 tacta
1252 1042 1406 1074 memoria

1056 1090 1185 1132 Verbis,
1214 1091 1294 1123 cibis
1321 1094 1353 1122 et
1376 1089 1517 1130 potibus.

938 1158 1042 1191 1351.
1057 1157 1256 1199 Potibusque
1279 1158 1486 1190 lacrimarum

1055 1206 1206 1246 Mergens
1222 1215 1326 1238 meum
1343 1215 1407 1247 cor,
1428 1206 1568 1249 domina,

1056 1254 1120 1286 Per
1145 1256 1269 1295 gratiae
1293 1257 1402 1294 potum
1430 1254 1553 1286 clarum

1056 1301 1192 1334 Dimitte
1216 1312 1301 1335 nunc
1324 1303 1524 1343 peccamina.

937 1371 1042 1404 1352.
1056 1370 1247 1402 Peccamina
1271 1370 1423 1402 mortalia

1055 1417 1091 1449 In
1119 1427 1169 1450 me
1194 1419 1260 1450 noli
1286 1419 1481 1459 relinquere,

1058 1465 1175 1509 Maria,
1202 1467 1298 1499 stella
1322 1467 1467 1508 praevia,

1056 1514 1217 1554 Vergente
1243 1516 1354 1548 mundi
1381 1524 1526 1556 vespere.

592 1582 695 1614 1353.
711 1582 859 1626 Pereunt,
886 1584 999 1621 mater,
1026 1582 1150 1614 animae

709 1629 771 1661 Tui
796 1639 950 1670 nusquam
975 1630 1175 1672 recordatae,

711 1677 808 1710 Cuius
832 1678 956 1719 gratiae
981 1678 1138 1710 maximae

704 1725 757 1757 Ab
783 1727 905 1767 angelis
930 1730 1005 1758 sunt
1028 1727 1192 1759 laudatae.

835 1803 980 1837 CXLVI.

249 1872 353 1904 1354.
369 1870 516 1903 Laudate
541 1871 694 1911 virginem
721 1880 845 1912 puram,

364 1918 530 1951 Medullae
552 1919 614 1950 mei
639 1919 783 1960 spiritus,

366 1968 466 2007 Quam
494 1968 646 2000 dixerunt
668 1968 847 2007 parituram

364 2015 434 2048 Lex
459 2019 491 2047 et
514 2016 693 2056 prophetae
717 2015 876 2055 primitus.

250 2084 353 2118 1355.
367 2083 520 2116 Primitus
546 2093 566 2115 a
589 2083 661 2123 lege
686 2083 805 2116 Christi

367 2131 473 2164 Erant
497 2136 608 2172 gentes
634 2131 767 2171 alienae,

367 2181 462 2222 Quas,
488 2180 606 2221 Maria,
633 2180 697 2211 iam
719 2181 854 2212 sanxisti

367 2228 547 2261 Observata
569 2229 641 2269 lege
666 2229 769 2268 plene.

250 2298 354 2330 1356.
372 2296 471 2329 Plene
495 2297 559 2338 legi
584 2297 675 2329 Iesus
701 2297 817 2328 stravit

372 2344 426 2377 Sui
452 2354 558 2377 moras
583 2345 753 2385 incolatus,

369 2393 429 2433 Qui
454 2403 513 2435 per
538 2397 570 2426 te
595 2402 652 2425 nos
679 2394 853 2435 reparavit,

364 2441 467 2475 Nobis
495 2443 597 2483 datus,
624 2441 716 2474 nobis
741 2444 845 2477 natus,

941 1872 1043 1905 1357.
1059 1872 1162 1905 Natus
1188 1883 1262 1915 ergo
1290 1875 1330 1907 de
1355 1876 1480 1916 v'irgine

1060 1921 1122 1953 Pro
1148 1922 1241 1954 nobis
1266 1925 1492 1964 peccatoribus

1059 1970 1128 2002 Tuo
1154 1979 1283 2012 semper
1308 1973 1494 2013 precamine

1056 2017 1124 2049 Nos
1147 2023 1257 2053 servet
1281 2030 1300 2052 a
1324 2021 1527 2058 nocentibus,

939 2086 1042 2119 1358.
1057 2085 1257 2120 Nocentibus
1285 2089 1368 2121 enim
1393 2090 1452 2122 iris

1056 2133 1133 2166 Vita
1157 2140 1269 2169 nostra
1295 2137 1330 2170 fit
1357 2139 1479 2177 dedita,

1057 2182 1122 2215 Sed
1148 2186 1261 2229 gratia,
1290 2196 1354 2227 qua
1377 2187 1504 2233 potiris,

1056 2231 1183 2265 Mentes
1208 2238 1336 2267 tuorum
1360 2236 1465 2269 visita.

939 2299 1042 2332 1359.
1059 2299 1198 2333 Visitata
1223 2302 1352 2343 quidem
1379 2313 1397 2335 a
1419 2307 1453 2336 te

1056 2348 1162 2392 Mens,
1194 2350 1312 2392 Maria,
1339 2361 1403 2384 non
1428 2355 1566 2387 moritur

1058 2397 1178 2431 Sancta
1204 2400 1294 2431 cuius
1321 2400 1479 2441 dignitate

1058 2444 1191 2479 Sursum
1220 2457 1319 2489 agnus
1347 2449 1547 2485 immittitur.

1567 2382 1574 2398 2
