1655 2726
694 135 957 172 —151-

767 235 877 269 XLV.

160 308 240 341 387.
255 307 344 341 Deus
369 311 488 352 noster,
517 308 687 352 refugium,

257 355 321 389 Per
347 359 392 399 te,
418 358 510 398 virgo
536 358 720 402 singulariS,

255 404 457 438 Praetendat
480 405 573 438 nobis
598 407 766 441 brachium

256 452 374 493 Lapsis
399 454 433 486 in
460 462 516 486 cor
540 454 634 488 huius
659 457 768 490 maris.

160 521 242 555 388.
256 521 360 554 Maris
387 522 490 554 amari
515 523 637 555 saeculi

255 569 378 603 Multos
401 572 496 612 urget
519 571 711 613 adversitas,

254 618 347 658 Quod
372 622 601 659 pertranseunt
627 621 753 663 populi,

254 666 375 706 Quibus
400 671 516 708 patens
543 676 576 699 es
603 668 727 702 civitas.

157 734 239 768 389.
255 734 378 768 Civitas
401 735 545 768 iucunda
566 736 640 776 Dei,

257 781 400 816 Caelitus
426 782 636 829 sanctificata,

253 832 308 864 Ad
334 835 368 864 te
394 835 528 865 currunt
549 842 659 866 omnes
684 834 743 874 rei,

253 879 299 913 Ut
323 880 373 913 his
396 881 465 914 vita
490 880 533 912 sit
557 884 695 914 servata.

158 948 239 981 390.
256 947 393 980 Servata
415 949 544 982 Helsini
569 950 637 982 vita

253 995 298 1028 Et
321 1004 429 1028 secum
454 994 678 1029 fluctuantium

255 1043 380 1077 Celavit
404 1054 465 1085 per
489 1047 523 1076 te
547 1046 680 1086 munita,

251 1092 369 1134 Maria,
394 1093 471 1126 luna
496 1094 648 1127 noctium.

154 1160 235 1194 391.
252 1158 404 1192 Noctium
429 1161 485 1193 lux
510 1162 698 1193 mentalium

249 1207 371 1241 Misisti
398 1209 643 1249 conceptionem

248 1256 352 1289 Tuam
377 1258 470 1290 nobis
495 1267 556 1298 per
581 1257 727 1290 nuntium

247 1306 286 1338 111
313 1306 657 1341 commemorationem.

153 1374 235 1408 392.
251 1373 436 1407 Orationem
463 1372 586 1406 faciens

248 1422 327 1455 Cum
353 1423 418 1454 suis
445 1422 546 1455 abbas
571 1422 725 1455 Helsinus

245 1471 297 1503 Ac
323 1479 393 1502 cum
419 1469 497 1503 fletu
524 1470 710 1513 confugiens

247 1519 288 1552 In
313 1522 396 1562 tuos,
421 1519 541 1561 Maria,
569 1520 658 1552 sinus

855 313 934 347 393.
950 313 1044 346 Sinus
1068 313 1116 345 tui
1141 314 1294 354 pietatem

947 362 1102 401 Percepit
1125 371 1186 402 per
1210 366 1244 394 te
1266 362 1419 403 saivatus,

950 410 1075 443 Facere
1098 409 1308 443 festivitatem

951 457 1131 498 Conceptus
1156 459 1201 491 tui
1227 461 1370 498 paratus.

853 526 933 558 394.
948 525 1085 558 Paratus
1112 534 1186 567 ergo
1213 526 1307 557 etiam

950 573 1198 615 Conceptionem
1225 574 1341 617 colere,

946 622 1027 662 Hoc,
1054 622 1172 664 Maria,
1198 620 1365 664 perficiam

946 670 1108 704 Deccnter
1132 674 1187 703 tuo
1211 679 1354 703 munere.

852 739 931 772 395.
946 738 1084 771 Munere
1107 739 1212 770 sancti
1234 738 1367 777 spiritus

945 787 1050 819 Fuisti
1076 786 1285 825 sanctificata,

947 836 1139 876 Antequam,
1167 835 1280 867 mortis
1307 835 1421 877 exitus,

944 884 994 915 Tu
1020 893 1058 916 ex
1084 884 1180 916 Anna
1205 882 1291 916 fores
1316 886 1402 917 nata.

850 951 930 985 396.
945 950 1032 983 Nata
1056 950 1149 983 nobis
1174 951 1241 992 lux,
1268 951 1385 992 Maria,

944 999 999 1031 Ad
1024 1001 1189 1031 aeternum
1214 999 1402 1040 remedium,

947 1046 1159 1087 Suffragatrix
1185 1050 1253 1079 esto
1278 1048 1334 1087 pia

944 1094 1143 1127 sensualium
1169 1095 1320 1128 noctium.

849 1162 929 1195 397.
943 1162 1095 1194 Noctium
1119 1171 1255 1203 nequam
1281 1162 1414 1203 spin'tus

945 1210 1001 1242 Me
1025 1210 1158 1251 reliquit
1182 1211 1394 1252 seminudum,

945 1259 1042 1292 Cuius
1068 1267 1159 1290 arces
1186 1259 1338 1291 circuitus

943 1307 1021 1339 Eius
1049 1307 1139 1348 virga
1164 1303 1252 1340 facta
1279 1308 1409 1341 dudum.

849 1374 928 1408 398.
943 1374 1074 1407 Dudum
1099 1375 1201 1407 multa
1225 1374 1391 1408 daemonia

942 1423 994 1455 Ab
1020 1422 1139 1463 iniquis
1166 1423 1289 1455 eiecisti

942 1473 1013 1505 Tua
1037 1480 1153 1512 magna
1176 1472 1331 1513 potentia,

944 1521 1013 1560 Qua
1037 1519 1180 1561 perfidos
1207 1521 1405 1555 convertisti.

501 1588 581 1621 399.
597 1589 794 1622 Convertisti
820 1589 885 1621 iam
911 1588 953 1620 ad
980 1589 1084 1620 caelos

595 1638 655 1677 Qui
682 1637 832 1669 colebant
852 1637 1004 1669 mundum
1024 1638 1131 1678 istum,

594 1686 700 1725 Quare
722 1686 783 1718 tibi
807 1686 915 1718 laudis
940 1686 1041 1718 melos

593 1734 683 1767 Dant
708 1735 850 1768 colentes
875 1743 985 1766 omnes
1012 1734 1186 1768 Christum.

754 1822 874 1855 XLVI.

146 1890 229 1924 400.
244 1890 362 1923 Omnes
388 1889 552 1923 Christum
582 1889 771 1922 confitentes

244 1938 322 1971 Tuis
348 1938 493 1972 subdunt
518 1948 553 1970 se
578 1939 717 1979 pedibus

244 1987 291 2020 Et
315 1995 387 2019 cum
412 1987 509 2020 laude
535 1989 701 2020 venientes

243 2036 389 2076 Superbe
414 2036 577 2077 plaudunt
600 2036 758 2069 manibus.

146 2105 228 2138 401.
243 2104 395 2137 Manibus
422 2106 464 2138 ad
489 2108 523 2136 te
547 2105 675 2145 levatis,

242 2154 267 2187 O
293 2153 412 2194 Maria,
440 2154 542 2186 clamo
567 2163 652 2195 reus,

241 2202 288 2235 Ut
312 2211 363 2234 me
388 2203 492 2235 salvet
515 2211 575 2244 per
600 2206 632 2234 te
657 2202 758 2244 gratis

242 2251 340 2283 Pater
364 2251 462 2284 Iacob
488 2254 586 2292 atque
611 2252 709 2285 Deus.

143 2320 225 2353 402.
240 2319 328 2351 Deus
354 2320 438 2351 enim
464 2319 558 2352 nobis
583 2329 672 2354 suam

238 2368 350 2409 Elegit
373 2369 589 2402 hereditatem

239 2418 303 2451 Per
329 2418 476 2463 gratiam,
505 2418 606 2461 virgo,
634 2421 721 2450 tuam

239 2466 285 2501 Et
309 2470 455 2501 sanctam
480 2465 726 2499 fecunditatem.

843 1890 924 1923 403.
939 1888 1188 1921 Fecunditatem
1212 1888 1341 1921 obtines

941 1938 1046 1970 Prolis
1072 1937 1337 1978 incomparabilis

937 1988 1046 2027 Atque
1071 1987 1229 2026 pudorem
1255 1986 1385 2031 retines,

937 2036 1054 2075 Maria,
1081 2038 1185 2067 mater
1210 2034 1350 2067 humilis.

842 2104 923 2138 404.
938 2103 1077 2137 Humilis
1104 2107 1210 2135 autem
1234 2111 1360 2135 ammae

937 2152 1098 2192 AmatriX,
1126 2152 1217 2193 virgo
1243 2152 1342 2193 regia,

937 2201 1161 2234 Humilitatem
1187 2201 1337 2241 imprime

935 2250 1020 2282 Mihi
1046 2258 1118 2281 cum
1142 2258 1267 2281 morum
1292 2249 1404 2289 gloria.

841 2319 921 2352 405.
940 2318 1053 2351 Gloria
1078 2316 1147 2358 tibi,
1174 2317 1297 2360 regina,

938 2367 1122 2408 Pauperum
1149 2367 1357 2408 exspectatio,

937 2416 1038 2456 Quam
1063 2414 1247 2448 substantia
1272 2415 1382 2449 divina

937 2465 1122 2498 Perlustrat
1145 2464 1327 2506 privilegio.
