1655 2726
241 277 296 308 47.
314 274 448 307 Cantate
472 273 540 306 Deo
566 273 682 306 iterum

238 860 289 892 48.

311 322 356 355 Et
380 322 573 354 canticorum
598 324 740 354 veterum

357 369 457 402 Festa
480 379 563 401 vana
587 370 781 410 postponite,

309 418 504 451 Renovatori
530 417 705 453 foederum,

311 465 528 498 Descendenti
552 466 585 497 in
611 469 746 506 uterum,

361 512 527 546 Canticum
552 521 666 546 novun]
693 513 841 554 psallite3

309 561 429 594 Notum
456 561 601 594 omnibus
628 561 734 602 facite,

312 609 386 642 Ovis
408 619 467 650 per
493 608 637 641 fraudem
664 610 813 649 perditae

357 657 555 690 Recordatus
581 661 630 690 est:
653 658 805 699 ulcerum,

308 705 403 737 Hanc
426 705 537 737 nolens
563 703 682 737 factam
706 705 809 745 irrite,

310 753 387 786 Cum
413 763 432 786 a
456 753 565 785 mundi
592 755 635 785 sit,
660 753 765 793 capite

357 801 449 833 Finis
473 810 600 833 suorum
628 810 769 841 operum.

309 858 464 890 Dominus
490 860 602 898 regnat
627 859 789 899 imperans

307 906 410 946 Super
437 906 618 946 Cherubim,
644 907 815 939 moderans

358 953 497 995 Caelum,
524 960 645 987 terram
671 957 703 986 et
726 956 841 997 omnia,

307 1001 509 1034 Directiones
534 1011 732 1043 praeparans

306 1050 528 1090 Iustitiamque
553 1054 734 1090 temperans

354 1097 398 1129 Et
426 1098 561 1138 diligens
589 1098 727 1139 indicia3

306 1146 401 1178 Hunc
425 1146 561 1177 adorent
586 1146 735 1178 caelestia

308 1194 345 1225 In
372 1196 521 1234 terraque
546 1194 706 1225 moventia

351 1241 460 1282 Atque
485 1242 596 1273 domus
622 1250 826 1282 exasperans,

304 1289 517 1322 Contemnens
542 1287 714 1321 infernalia

305 1336 351 1369 Et
375 1345 517 1377 quaeque
541 1336 616 1369 fecit
642 1338 716 1377 alia,

354 1385 431 1417 Cum
451 1388 566 1417 cuncta
582 1386 624 1417 sit
643 1385 860 1419 considerans,

870 175 936 212 118
985 196 1033 202 -—

919 274 1127 308 49 1ubilate
1152 272 1220 305 Deo
1245 279 1370 304 rursum

989 323 1150 355 Levantes
1176 321 1312 353 animum
1339 327 1463 351 sursum

1039 369 1130 403 Omni
1156 368 1377 405 exsultatione,

988 419 1066 459 Ipse
1091 416 1182 449 vobis
1206 417 1292 448 vitae
1317 424 1442 447 cursum

989 466 1090 498 Dedit
1112 465 1155 497 ad
1180 473 1277 505 seque
1302 471 1475 502 recursum,

1037 514 1116 547 Orta
1140 513 1347 545 tribulatione

988 562 1092 594 Facta
1116 560 1352 601 supplicatione

990 610 1104 641 Vestra
1127 609 1176 641 vel
1204 608 1348 641 oratione

1034 657 1133 689 Vobis
1157 658 1243 689 venit
1267 657 1300 688 in
1326 664 1502 695 occursum,

988 706 1035 739 Ut
1058 708 1131 737 acta
1156 704 1354 737 confessione

989 753 1064 786 Cum
1090 755 1204 785 sancta
1227 752 1397 786 devotione

1035 801 1210 841 Malignum
1238 801 1329 833 tollat
1354 800 1526 832 incursum.

966 884 973 891 .
986 858 1242 891 Misericordiam
1270 861 1356 890 tuam

988 907 1123 947 Quaero,
1152 906 1246 949 Deus,
1273 906 1425 946 irriguam

1036 954 1130 987 Stans
1156 954 1188 987 in
1214 955 1267 986 via
1291 954 1461 995 maculata,

986 1003 1106 1043 Sciens,
1133 1003 1228 1044 quod,
1255 1002 1283 1034 si
1307 1010 1358 1033 me
1382 1005 1519 1033 statuam

988 1051 1099 1084 Coram
1126 1053 1159 1081 te
1185 1055 1217 1082 et
1241 1060 1303 1083 non
1328 1059 1460 1091 arguam

1034 1099 1169 1138 Culpam
1194 1107 1296 1130 meam
1323 1101 1355 1129 et
1380 1101 1523 1138 peccata,

985 1147 1071 1178 Raro
1098 1146 1160 1178 erit
1184 1147 1261 1178 mihi
1290 1146 1366 1178 data

985 1194 1210 1226 Misericordia
1234 1197 1336 1234 grata,

1032 1242 1096 1274 Sed
1102 1251 1170 1273 sum
1179 1245 1294 1282 certus,
1302 1243 1385 1282 quod
1394 1251 1553 1281 corruam,

982 1290 1055 1322 Nisi
1080 1291 1132 1322 via
1157 1288 1309 1322 festinata

984 1338 1047 1370 Per
1072 1341 1104 1369 te
1129 1337 1206 1371 mihi
1231 1339 1275 1370 sit
1298 1341 1486 1379 monstrata,

1031 1386 1094 1418 Per
1107 1395 1200 1426 quam
1216 1387 1311 1427 digne
1326 1386 1436 1427 culpas
1446 1387 1542 1420 luam.

653 1451 804 1484 Tertia
830 1452 1123 1494 Quadragena.

284 1508 452 1546 .D0mine,
478 1518 529 1540 me
556 1509 708 1541 exaudias

307 1557 352 1589 Et
375 1558 417 1589 ad
444 1558 635 1589 clamantem
659 1557 779 1596 venias,

353 1604 485 1643 Quando
511 1608 542 1636 te
565 1605 766 1645 invocavero,

304 1653 445 1693 Tempus
472 1656 531 1694 est,
557 1655 593 1684 ut
617 1654 689 1693 pius
714 1652 772 1684 fias

305 1701 435 1733 Tollens
460 1710 546 1733 meas
571 1702 727 1740 miserias,

352 1748 436 1787 Quas
462 1748 613 1789 fatigatus
640 1749 762 1788 tolero3

305 1797 355 1829 De
380 1797 469 1829 caelo
494 1800 549 1830 tuo
574 1806 690 1837 supero

307 1845 488 1878 Condolens
511 1845 590 1876 mihi
613 1845 742 1885 misero,

353 1893 493 1934 Tempus
520 1896 579 1933 est,
605 1897 641 1925 ut
665 1893 803 1932 aspicias

303 1941 348 1973 Et
372 1941 412 1974 ab
439 1942 532 1974 hoste
556 1941 722 1981 pestifero,

301 1990 514 2029 Praepostero
543 1994 573 2021 et
600 1998 714 2029 aspero

346 2038 402 2070 Me
426 2038 585 2079 benignus
612 2038 740 2078 eripias.

250 2108 280 2138 2.
297 2105 449 2146 Benedic,
473 2106 579 2137 anima
607 2114 689 2144 mea,

299 2153 374 2193 Deo,
402 2155 456 2195 qui
482 2163 520 2185 ca
529 2154 596 2186 rnis
622 2153 736 2185 trabea

342 2202 407 2234 Pro
432 2206 464 2234 te
496 2202 598 2234 voluit
621 2201 733 2242 velari,

305 2250 366 2289 Qui
388 2253 420 2282 te
446 2260 577 2292 granum
605 2260 624 2283 a
648 2250 742 2290 palea

302 2298 489 2340 Separando
516 2299 557 2331 ad
584 2298 700 2331 horrea

349 2347 438 2380 Caeli
464 2348 574 2380 volens
601 2352 632 2379 te
656 2347 789 2388 portari,

300 2395 453 2428 Permisit
476 2406 511 2428 se
536 2396 680 2429 triturari

302 2443 453 2476 Graviter
479 2448 510 2476 et
534 2443 692 2485 flagellari

346 2493 409 2525 Pro
435 2497 467 2525 te
493 2493 597 2525 crucis
622 2494 655 2525 in
681 2501 766 2533 area,

994 1510 1129 1543 Discens
1155 1510 1202 1542 sic
1226 1511 1399 1552 propitiari

993 1558 1067 1590 Tibi
1092 1560 1252 1599 tamquam
1279 1560 1445 1601 singulari,

1041 1606 1235 1646 Quamquam
1262 1616 1348 1639 esses
1374 1609 1436 1640 sibi
1463 1617 1529 1641 rea.

971 1689 978 1696 .
995 1664 1138 1696 Benedic
1161 1665 1277 1697 iterum
1304 1666 1343 1707 ei,

993 1713 1070 1746 Cum
1097 1713 1139 1744 sit
1163 1713 1252 1745 locus
1277 1717 1352 1745 tuae
1377 1716 1447 1756 spei

1036 1761 1068 1792 A
1094 1759 1178 1793 facie
1201 1760 1395 1804 formidinis,

994 1809 1082 1841 Tuae
1105 1809 1194 1841 locus
1220 1811 1354 1851 requiei,

996 1857 1055 1889 Tui
1084 1857 1151 1888 dies
1176 1858 1309 1890 iubilaei

1039 1905 1203 1937 Amictum
1228 1907 1350 1939 habens
1376 1909 1525 1950 luminis,

995 1953 1059 1984 Hic
1084 1956 1133 1984 est
1156 1955 1250 1993 panis
1278 1955 1458 1990 dulcedinis

990 2001 1075 2032 Vere
1099 1999 1229 2034 firmans
1255 2012 1309 2036 cor
1334 2004 1484 2047 hominis,

1041 2050 1104 2081 Per
1130 2058 1221 2089 quem
1248 2052 1330 2084 salvi
1356 2053 1435 2086 fiunt
1462 2055 1521 2096 rei,

992 2097 1080 2129 Tuae
1104 2099 1257 2132 miserere
1281 2099 1355 2133 finis

993 2145 1039 2177 Et
1065 2146 1122 2178 dos
1145 2146 1366 2191 beatitudinis,

1039 2193 1073 2226 Si
1100 2195 1254 2234 pulchrae
1279 2198 1323 2229 sis
1348 2197 1456 2232 faciei.

973 2276 980 2284 .
995 2250 1200 2286 Confitemini
1224 2254 1362 2287 Domino

992 2300 1086 2333 Omni
1113 2301 1165 2333 die
1191 2306 1222 2334 et
1248 2305 1388 2337 crastino

1039 2347 1116 2380 Sine
1140 2348 1203 2383 fine
1228 2352 1260 2383 in
1287 2354 1461 2393 saeculum,

991 2396 1063 2429 Non
1089 2397 1211 2431 honore
1236 2401 1435 2433 clandestino

993 2445 1208 2488 Solummodo,
1234 2451 1271 2480 ut
1294 2449 1444 2489 buccino,

1040 2494 1105 2527 Sed
1131 2504 1190 2536 per
1215 2497 1368 2530 honorem
1390 2497 1553 2541 patulum,
