1655 2726
800 129 1056 165 —232-

341 222 472 250 Hierauf
489 221 606 250 schiebt
623 223 651 250 D
671 222 808 259 folgende
826 225 900 250 zwei
922 222 1069 259 Strophen
1090 225 1153 251 ein:

342 280 415 315 Ave,
436 280 532 307 dulcis
552 279 651 307 hostia
1033 280 1106 315 Ave,
1126 289 1213 317 quem
1233 282 1264 308 in
1283 281 1378 308 lat-ere

381 326 480 346 coram
497 320 582 355 patre
602 319 675 353 Deo,
1071 319 1176 347 lancea
1195 320 1350 355 percussit,

340 357 414 386 Esto
437 366 517 385 nunc
535 358 665 394 propitia
1034 358 1118 392 Quae
1137 359 1240 385 matris
1261 366 1313 385 cor
1332 356 1390 392 (ex)
1409 357 1532 385 vulnere

380 397 531 432 peccatori
551 404 611 424 reo.
1072 396 1172 424 valide
1192 396 1351 424 concussit.

261 452 308 490 40,
330 452 348 481 2
366 456 445 482 rosei
468 455 581 482 cruoris
602 454 668 482 DE.
689 468 726 473 —
745 452 792 489 40,
814 451 832 482 3
852 454 900 482 Ex
920 462 978 491 quo
998 455 1036 482 D.
1056 469 1095 473 —
1115 453 1173 482 Str.
1193 452 1230 482 41
1252 454 1347 481 lautet
1364 455 1397 481 in
1417 454 1459 481 D:

724 503 798 538 Ave,
819 504 940 548 sang-uis
959 503 1071 538 floride,

761 550 882 578 sanguis
902 550 1052 578 generose,

723 581 805 609 Laus
825 581 862 615 ei,
884 582 936 617 qui
951 583 982 609 te
1001 589 1054 617 pro
1075 588 1122 608 me

763 619 866 647 effudit
884 620 1014 656 copiose.

262 674 307 710 42,
323 674 341 705 3
361 676 402 704 Et
420 678 501 703 tuam
522 678 686 713 potentiam
706 677 743 711 E,
766 686 819 713 per
838 678 1002 713 potentiam
1016 677 1052 705 D.
1072 692 1110 696 —
1130 674 1177 711 42,
1190 674 1210 704 4
1228 677 1337 704 electos
1352 676 1478 704 eduxisti
1495 677 1530 704 1).
1545 693 1584 697 —

263 714 320 743 Str.
344 713 384 743 44
405 715 480 742 fehlt
503 715 540 743 D.
568 730 605 734 —
629 714 676 750 45,
699 714 713 743 1
740 717 773 743 in
799 716 896 744 triduo
924 717 961 744 D.
989 730 1026 735 —
1051 714 1097 750 45,
1113 713 1131 744 3
1156 724 1199 752 sq.
1219 716 1417 751 Firmafisque
1443 715 1583 744 fratribus

262 753 360 781 caelos
382 753 543 781 ascendisti
562 754 599 782 D.
620 770 658 774 —
677 754 735 782 Str.
756 752 794 783 46
814 755 875 782 und
894 753 932 782 47
952 754 1050 783 fehlen
1069 755 1106 783 D.
1127 769 1165 774 ——-
1183 752 1230 788 47,
1246 752 1264 781 2
1284 763 1315 781 es
1335 754 1451 782 levatus
1466 754 1525 782 OE.
1547 770 1582 774 —

259 791 307 826 47,
326 790 344 820 3
364 792 406 820 Et
434 792 471 820 ad
491 791 549 820 GE.
571 807 608 812 —
632 790 680 827 48,
701 790 719 821 3
746 794 782 821 In
807 793 944 821 cordibus
966 793 1027 821 GE.
1051 808 1084 812 —
1106 791 1153 827 49,
1177 791 1190 819 l
1213 793 1301 821 iudex
1327 794 1455 820 omnium
1477 793 1513 821 D.
1555 808 1582 812 »-

260 829 307 867 49,
325 828 343 859 3
367 840 411 867 sq.
438 832 613 859 Meritorum
633 833 766 868 praemia
786 832 911 869 singulis
932 832 1053 860 daturus
1074 832 1112 859 D.

340 870 468 906 „Incipit
486 873 596 898 sertum
618 868 745 898 Christi¹‘
766 871 804 898 D.
833 886 869 890 ——
898 868 1031 907 „Iubilus
1052 871 1088 899 de
1107 872 1172 898 vita
1192 867 1320 898 Christi“
1341 871 1374 898 B.
1400 885 1439 890 —
1460 870 1581 907 „Oratio

261 908 298 936 de
322 910 462 945 passione
481 906 621 936 Domini“
645 909 677 936 G.
697 924 736 928 —
751 908 871 945 „Oratio
894 912 924 937 et
943 909 1084 937 salutatio
1105 909 1270 937 dominicae
1289 910 1438 946 passionis
1459 910 1582 936 sancti

259 944 484 975 Bernhardi“
504 947 540 975 E.
565 962 604 966 —
630 948 759 985 „Incipit
777 948 888 976 iubilus
917 948 997 976 beati
1019 947 1184 976 Bernhardi
1210 948 1340 975 eiusdem
1365 947 1402 975 de
1428 950 1491 975 tota
1518 949 1582 975 vita

262 985 371 1013 Christi
401 994 453 1022 per
483 987 700 1022 quinquaginta
725 984 804 1014 Ave“
835 987 868 1014 F.
899 1001 936 1006 —
964 987 1023 1014 Die
1051 988 1083 1014 in
1112 987 1140 1015 D
1168 986 1395 1014 abweichenden
1425 985 1581 1021 Strophen,

260 1024 373 1052 welche
393 1024 456 1052 sich
478 1024 569 1052 sehon
584 1025 673 1052 durch
689 1025 744 1052 den
758 1025 844 1052 Reim
860 1025 911 1053 der
926 1027 1023 1052 ersten
1036 1024 1097 1052 und
1110 1025 1220 1052 dritten
1234 1024 1334 1052 Zeilen
1349 1025 1582 1059 kmnmichnen,

259 1062 327 1089 sind
353 1061 413 1090 alle
439 1063 504 1090 dem
531 1063 623 1091 Liede
649 1063 736 1097 Ave,
765 1072 866 1097 quem
898 1063 1071 1091 desidero
1098 1062 1198 1098 (Mone
1220 1063 1245 1097 Ι,
1272 1060 1329 1091 333
1358 1064 1412 1099 sq.)
1438 1063 1580 1097 entlehnt,

257 1101 384 1129 welches
405 1101 468 1129 sich
490 1101 581 1129 daher
601 1102 645 1129 als
667 1103 733 1129 eine
754 1102 897 1129 tcilweise
915 1101 1118 1137 Umdichtung
1136 1102 1231 1129 dieses
1245 1102 1417 1129 Rosariums
1432 1103 1581 1130 ausweist.
