1655 2726
686 121 948 158 ——251—

767 238 855 274 VIII.

173 314 206 346 1.
222 311 347 355 Gaude,
374 314 476 355 virgo,
502 316 588 355 magi
614 316 698 349 dona
873 318 903 352 6.
921 316 1044 359 Gaude,
1071 318 1164 358 ponis
1190 321 1278 350 tuum
1302 319 1412 350 natum

221 360 291 394 Tuo
316 367 392 395 nato
419 362 527 396 ferunt
553 363 637 396 bona
919 366 1024 406 Super
1048 369 1136 398 tuum
1163 375 1218 398 cor
1243 368 1389 399 ornatum

270 409 396 444 Grandi
422 420 494 444 cum
519 412 683 452 mysterio.
965 413 1054 446 Caeli
1080 413 1306 447 dextrochirio.

172 487 204 521 2.
221 485 346 530 Gaude,
373 491 478 521 mater
501 490 690 533 reverenda,
869 491 897 523 7.
916 489 1039 530 Gaude,
1066 494 1154 523 tuum
1182 499 1236 523 cor
1261 490 1435 531 gaudebat,

219 534 372 568 Membra
395 536 471 569 Iesu
494 538 565 570 sine
589 539 708 571 menda
916 538 1052 578 Quando
1076 539 1167 572 Iesus
1193 538 1398 579 dependebat

270 583 377 617 Lavas
405 584 491 617 dulci
516 586 644 627 gaudio.
962 586 1040 618 Tuis
1065 587 1106 619 ab
1130 587 1292 622 uberibus.

174 660 206 695 3.
223 658 347 703 Gaude,
375 661 465 703 virgo
491 662 699 704 laetabunda,
869 662 899 696 8.
916 662 1040 705 Gaude,
1068 664 1141 696 Iesu
1164 663 1388 695 ministrarunt

219 708 326 741 Iesum
351 712 463 750 portas
488 710 689 750 periucunda
915 710 1004 743 Tuae
1027 720 1139 743 manus
1166 713 1199 743 et
1223 710 1372 743 cibarunt

265 757 345 790 Cum
373 757 498 791 devotis
523 758 697 801 gressibus.
962 758 1120 791 Dulcibus
1145 758 1321 792 affectibus.

169 836 202 867 4.
218 833 342 880 Gaude,
370 835 474 869 Iesum
500 836 637 869 induisti
865 836 896 869 9.
913 836 1037 878 Gaude,
1065 837 1155 877 virgo
1182 839 1213 868 te
1238 837 1391 869 iuvabant

217 883 317 916 Veste
342 884 471 929 munda,
500 893 594 925 quam
620 882 727 917 fecisti
916 884 1005 918 Caeli
1031 884 1117 918 cives
1143 888 1176 917 et
1200 885 1360 925 astabant,

267 932 376 964 Sacris
401 933 466 965 tuis
491 932 650 966 manibus,
964 932 1046 965 Cum
1071 933 1211 965 servires
1236 932 1315 967 filio.

169 1010 203 1041 5.
217 1007 343 1050 Gaude,
378 1008 481 1050 virgo,
507 1018 582 1042 nam
607 1009 782 1051 gaudebas,
843 1011 899 1043 10.
916 1010 1040 1051 Gaude,
1066 1011 1173 1042 Iesum
1198 1010 1344 1042 osculata

217 1056 287 1088 Tuo
312 1057 418 1089 Iesum
447 1066 517 1089 cum
544 1056 678 1089 videbas
914 1058 971 1098 Es,
999 1067 1017 1090 o
1043 1058 1143 1099 virgo,
1172 1060 1204 1090 et
1228 1056 1341 1090 adfata

268 1104 490 1144 Quiescentem
517 1106 650 1147 gremio.
965 1106 1028 1138 Ore
1053 1109 1108 1138 tuo
1133 1106 1277 1146 proprio.

497 1183 554 1218 11.
569 1182 630 1215 Pia
653 1185 768 1223 mater,
794 1183 828 1215 in
854 1183 1001 1216 adversis

573 1230 690 1264 Fortes
716 1232 813 1264 simus
839 1232 999 1264 universis

616 1279 722 1313 Huius
747 1280 860 1313 mundi
885 1280 1021 1320 proelio.

783 1396 842 1430 JX.

172 1473 203 1507 1.
219 1471 343 1515 Gaude,
371 1472 471 1518 virgo,
499 1476 658 1506 recrearis
871 1474 903 1506 6.
920 1473 1045 1513 Gaude,
1073 1473 1194 1505 blande
1221 1473 1443 1513 complexatur

221 1521 367 1555 odoratu
392 1523 467 1553 tuae
491 1522 578 1555 naris
916 1521 962 1554 Et
987 1525 1019 1554 te
1041 1522 1132 1554 Iesus
1158 1522 1331 1560 osculatur,

267 1570 443 1603 odorantis
468 1568 582 1604 filium.
964 1570 1028 1602 Tui
1052 1570 1272 1610 puerperium.

172 1649 205 1682 2.
221 1646 347 1687 Gaude,
373 1647 447 1688 figis
473 1647 549 1680 dum
574 1648 721 1681 obtutum
870 1650 903 1681 7.
918 1648 1044 1690 Gaude,
1060 1648 1136 1680 dum
1150 1651 1184 1680 te
1196 1657 1365 1681 mammam
1376 1651 1484 1687 vocat,

221 1695 325 1730 Vultu
349 1696 425 1729 Iesu
450 1697 499 1729 sic
521 1700 660 1737 acutum,
917 1697 958 1730 Se
984 1697 1017 1729 in
1043 1697 1115 1729 sinu
1141 1699 1196 1730 tuo
1222 1697 1310 1729 locat

270 1744 396 1777 Crescit
420 1746 468 1777 tui
494 1745 656 1786 gaudium.
964 1745 1056 1778 Iesus
1082 1754 1239 1786 quaerens
1265 1745 1376 1779 ubera.

171 1823 204 1855 3.
220 1821 347 1863 Gaude,
376 1821 476 1864 virgo,
502 1822 594 1855 iuxta
618 1824 722 1864 legem
871 1824 902 1857 8.
919 1823 1043 1866 Gaude,
1070 1824 1125 1864 pio
1149 1825 1227 1855 tunc
1252 1824 1404 1863 amplexu

221 1870 374 1905 Obtulisti
399 1870 512 1904 mundi
537 1880 644 1912 regem
916 1873 1023 1905 Iesum
1050 1872 1181 1912 stringis
1209 1871 1296 1904 dulci
1321 1880 1416 1914 nexu,

264 1919 367 1952 Aedis
392 1920 425 1952 in
451 1920 604 1955 sacrario,
968 1920 993 1953 Ο
1022 1920 1113 1961 virgo
1138 1929 1311 1960 puerpera.

170 1999 205 2032 4.
221 1997 346 2032 Gaude,
373 2000 487 2040 mater,
515 1998 698 2038 exsultavit,
874 1999 905 2033 9.
922 1998 1046 2038 Gaude,
1074 1998 1148 2031 Iesu
1173 1998 1225 2030 lac
1250 1997 1430 2038 praebebas

220 2046 273 2079 De
297 2049 331 2078 te
355 2055 482 2087 quoque
506 2047 716 2087 prophetavit
918 2047 1027 2080 Sacris
1054 2046 1201 2079 mammis
1227 2050 1260 2078 et
1284 2047 1449 2087 gaudebas

269 2094 398 2127 Simeon
425 2098 457 2126 et
481 2093 557 2131 filio.
965 2095 1110 2128 Maxima
1134 2095 1269 2129 laetitia,

172 2175 204 2206 5.
220 2173 345 2212 Gaude,
372 2181 455 2214 puer
478 2173 607 2213 quando
633 2172 760 2212 crescit,
848 2174 903 2207 10.
921 2173 1045 2216 Gaude,
1072 2173 1178 2206 Iesum
1204 2172 1394 2205 retrahebas

220 2222 321 2264 Virgo
347 2222 413 2266 pia,
439 2222 489 2254 sic
513 2222 671 2256 accrescit
918 2223 949 2254 A
974 2221 1127 2254 mamillis
1154 2224 1186 2252 et
1210 2219 1332 2262 figebas

267 2270 330 2303 Tui
356 2270 463 2303 cordis
487 2270 650 2311 gaudium,
971 2270 1028 2303 Ori
1053 2279 1111 2303 suo
1137 2269 1238 2302 basia.

498 2348 554 2382 11.
569 2349 629 2382 Pia
654 2352 769 2390 mater,
796 2349 956 2381 moderati

570 2397 686 2442 Simus,
715 2396 776 2438 fac,
805 2400 837 2429 et
861 2398 1034 2438 temperati

617 2447 687 2480 Zeli
712 2447 788 2480 Iesu
815 2446 929 2487 gratia.
