1655 2726
683 136 945 172 —165—

147 228 227 262 650.
244 226 418 262 Gaudeant
442 231 475 262 in
501 234 533 264 te
557 231 671 265 intima

240 277 310 310 Mei
336 279 443 311 cordis
469 279 679 324 incessanter,

241 326 265 359 O
292 328 399 366 gratia
424 328 625 369 plenissima,

241 374 344 414 Quam
370 375 512 408 distillas
538 376 752 411 abundanter.

144 451 226 484 651.
241 451 456 486 Abundanter
482 453 614 487 emicuit

239 499 308 532 Iam
334 500 507 534 humanum
532 511 592 544 per
617 505 649 534 te
670 512 780 548 genus,

239 548 357 590 Maria,
385 559 445 590 per
471 559 567 591 quam
593 552 710 584 claruit

237 596 283 629 Et
307 597 469 631 Iohannes
494 599 723 632 Damascenus.

145 675 224 707 652,
242 674 462 709 Damascenus
487 677 542 709 hic
565 677 747 718 presbyter,

240 722 364 757 Doctor
389 725 503 765 plenus
529 727 677 768 veritate,

241 771 359 812 Corde,
385 782 465 806 voce
489 777 524 806 te
545 773 664 815 iugiter

238 820 392 854 Laudans
418 831 482 855 non
509 823 648 855 decessit
671 832 689 854 a
715 825 757 857 te.

143 899 224 932 653.
240 899 270 931 A
295 902 338 939 te,
364 899 482 940 Maria,
509 900 658 941 percepit

238 947 426 980 Subsidium
451 949 529 980 inde
554 957 676 992 sanum,

239 994 316 1027 Cum
342 995 522 1035 imperator
548 998 715 1037 praecepit

237 1043 412 1084 Amputari
436 1043 498 1076 sibi
524 1053 662 1078 manum.

141 1121 221 1154 654.
237 1121 372 1153 Manum
400 1130 489 1153 suam
516 1124 715 1161 amputatam

234 1170 373 1202 Aemula
394 1170 479 1202 vidit
503 1179 523 1202 a
547 1173 652 1210 gente,

233 1217 380 1250 Literam
406 1216 488 1250 false
514 1219 669 1251 dictatam

234 1267 276 1299 In
299 1270 437 1299 mortem
461 1267 537 1299 iusti
561 1268 718 1299 mittente.

139 1344 386 1379 655.Mittente
410 1345 506 1385 iusto,
532 1344 650 1389 Maria,

232 1394 286 1426 Ad
313 1396 346 1425 te
371 1402 429 1426 sua
454 1393 604 1438 suspiria,

233 1441 365 1475 Visione
390 1450 498 1474 secum
523 1441 577 1482 pia

232 1490 397 1523 Miscuisti
422 1490 593 1531 colloquia.

136 1569 217 1603 656.
233 1568 315 1608 Quia
339 1568 402 1601 tibi
425 1568 507 1601 haec
533 1569 686 1601 decenter

231 1617 444 1650 Ministrabat
468 1626 582 1649 manus
607 1616 673 1658 pia,

229 1665 360 1705 Decuit,
387 1668 424 1698 ut
448 1668 484 1698 tu
511 1666 685 1698 clementer

229 1714 325 1747 Hanc
349 1722 491 1754 sanares,
519 1723 537 1746 ο
560 1714 677 1747 Maria.

135 1793 216 1827 657.
231 1791 348 1836 Maria,
375 1794 411 1825 tu
436 1792 590 1834 recepisti

229 1840 362 1874 Manum
388 1842 422 1873 in
441 1842 563 1881 templo
581 1850 770 1883 suspensam

227 1889 429 1931 Iohannique
454 1889 629 1923 reddidisti

227 1939 282 1972 Ad
308 1939 438 1972 laudem
463 1942 551 1971 tuam
568 1939 766 1973 immensam.

131 2019 211 2052 658.
227 2019 422 2051 Immensam
448 2021 533 2050 tuam
560 2018 723 2059 virtutem,

229 2066 347 2108 Maria,
374 2065 468 2107 plebs
492 2069 571 2099 tunc
594 2067 751 2110 laudavit,

227 2114 304 2149 Cum
331 2116 518 2156 percepisse
542 2116 679 2148 salutem

225 2165 290 2198 Per
310 2165 394 2198 hanc
410 2164 585 2198 Iohannem
601 2164 763 2205 probavit.

844 235 924 268 659.
938 234 1094 268 Probavit
1121 238 1152 267 et
1176 235 1353 276 imperator

935 283 1110 316 Iohannem
1134 294 1196 317 non
1224 282 1404 325 offendisse,

938 331 1002 365 Sed
1030 333 1206 372 discipulus
1234 332 1373 366 dictator

937 380 1097 421 Repertus
1123 384 1173 413 est
1196 381 1257 413 hoc
1282 380 1408 415 fecisse.

841 457 921 491 660.
937 456 1069 490 Fecisse
1094 460 1128 490 te
1152 458 1308 490 miracula

936 505 1000 538 Per
1023 506 1107 538 hunc
1132 505 1242 538 orbem
1267 506 1438 539 innumera

933 552 1019 586 Fide
1044 554 1204 586 credimus
1230 554 1352 595 sedula,

933 601 958 634 Ο
984 601 1091 634 Maria
1117 602 1310 635 christifera.

838 679 1019 713 661.Fera
1044 689 1171 720 semper
1196 679 1365 713 infernalis

933 727 997 760 Hic
1020 728 1163 761 homines
1190 728 1372 770 deglutiret,

934 775 1007 808 Nisi
1031 786 1144 809 manus
1170 777 1375 817 triumphalis

934 823 1005 857 Tua
1031 833 1084 857 eos
1112 826 1299 858 custodiret.

839 902 918 934 662.
933 901 1001 933 Iret
1025 902 1067 933 ad
1093 905 1227 934 mortem
1254 905 1419 934 aeternam

934 948 1020 981 Gens
1047 950 1212 989 peccatrix
1237 951 1445 994 incessanter,

933 996 1005 1028 Nisi
1031 997 1167 1037 gratiam
1193 1007 1365 1039 supernam

932 1044 1018 1077 Huic
1041 1044 1205 1079 conferres
1231 1047 1444 1081 abundanter.

837 1122 917 1156 663.
931 1121 1147 1155 Abundanter
1171 1124 1349 1165 intingatur

932 1169 996 1204 Cor
1021 1179 1127 1203 meum
1151 1174 1207 1204 tua
1231 1173 1347 1215 gratia,

931 1217 1039 1260 Virgo,
1065 1229 1126 1259 per
1151 1229 1245 1260 quam
1261 1220 1469 1262 impugnatur

930 1267 1036 1300 Arida
1062 1269 1267 1302 conscientia.

835 1345 914 1378 664.
930 1344 1073 1377 Scientia
1098 1349 1211 1377 sancta
1236 1346 1361 1386 plenus,

929 1394 1008 1433 Iam,
1035 1392 1153 1436 Maria,
1180 1394 1294 1427 videns
1319 1395 1426 1427 Iesum

929 1440 993 1474 Hic
1018 1441 1177 1474 Iohannes
1201 1441 1420 1475 Damascenus

929 1488 1052 1523 Offerat
1075 1498 1127 1522 me
1150 1491 1212 1523 tibi
1234 1492 1367 1524 laesum.

832 1569 912 1601 665.
926 1568 1066 1600 Laesum
1091 1571 1125 1600 et
1148 1571 1184 1600 tu
1208 1577 1287 1601 sana
1310 1578 1398 1601 reum

927 1616 991 1648 Per
1015 1616 1168 1650 Iohannis
1193 1616 1354 1660 suffragia,

928 1665 996 1705 Quo
1021 1665 1142 1698 habere
1169 1665 1265 1706 digna
1287 1666 1392 1698 Deum

926 1713 974 1746 Sit
999 1722 1071 1746 mea
1096 1714 1300 1747 conscientia.

831 1791 910 1826 666.
926 1791 1131 1825 Conscientia
1155 1791 1293 1825 tabescit

924 1840 1049 1873 Errans
1075 1850 1134 1881 per
1159 1840 1246 1873 orbis
1275 1840 1378 1881 devia,

926 1888 994 1930 Cui,
1021 1889 1139 1930 Maria,
1165 1898 1229 1922 non
1254 1890 1389 1923 lucescit

926 1938 1072 1971 Nominis
1098 1938 1145 1970 tui
1170 1938 1283 1980 gloria.

830 2017 910 2050 667.
926 2016 1038 2049 Gloria
1062 2016 1133 2057 tibi,
1160 2017 1276 2059 Maria,

923 2066 988 2098 Per
1013 2074 1106 2106 quam
1134 2065 1243 2105 piatur
1266 2066 1394 2107 impius,

925 2114 1021 2147 Cuius
1046 2114 1117 2154 ipse
1142 2114 1238 2146 laude
1264 2114 1319 2155 pia

922 2163 1073 2196 Maneam
1098 2162 1273 2196 solitarius.

716 2252 872 2286 LXVIII.

126 2323 207 2357 668.
224 2321 355 2355 Salvum
379 2329 431 2353 me
456 2320 518 2364 fac,
547 2331 564 2354 o
590 2321 708 2362 Maria,

221 2370 367 2403 Mei-sum
392 2371 484 2411 aquis
507 2370 722 2411 tempestatis,

220 2420 361 2453 Rursum
386 2428 509 2461 ponens
534 2428 586 2453 me
610 2421 643 2452 in
670 2419 724 2452 via

219 2471 383 2503 Aeternae
408 2469 603 2504 securitatis

824 2321 905 2354 669.
924 2319 1113 2352 Securitatis
1139 2318 1255 2351 beatae

918 2368 1057 2402 Praevia
1081 2368 1148 2401 dux
1172 2371 1206 2400 et
1229 2368 1353 2411 semita,

916 2418 969 2451 Ex
995 2417 1101 2450 carnis
1127 2416 1317 2450 infirmitate

919 2466 1098 2507 Trepidam
1122 2470 1261 2499 mentem
1286 2467 1393 2502 visita.
