1655 2726
524 723 559 755 V.
590 723 783 756 Psalterium
803 724 920 757 beatae
940 725 1061 758 Mariae
1083 726 1117 757 V.

574 825 718 859 Prima
748 826 1067 867 Quinquagena.

196 928 202 934 .
229 904 311 947 Ave,
341 904 422 935 caeli
445 903 501 935 lux
526 903 644 942 Maria,

227 951 368 992 Lignum
393 952 480 983 vitae
506 960 549 993 es,
577 961 595 984 0
621 951 687 993 pia,

275 998 431 1031 Fructum
460 999 540 1031 dans
566 999 777 1041 credentium,

226 1046 291 1079 Hic
315 1057 373 1080 nos
400 1056 458 1080 ora
481 1048 670 1088 prosperari

226 1095 272 1127 Et
295 1096 330 1127 in
355 1094 420 1128 fine
445 1097 596 1128 renovari

274 1143 361 1176 Dote
386 1145 633 1185 resurgentium.

192 1259 199 1265 .
227 1233 309 1273 Ave,
333 1234 438 1263 mater
460 1231 593 1272 gignens
615 1231 789 1271 Christum,

226 1280 326 1313 Patre
350 1283 461 1312 natum
486 1283 562 1312 ante
586 1281 683 1312 istum

274 1327 434 1361 Mundum
459 1328 542 1360 sicut
568 1328 675 1369 hodie,

227 1376 415 1417 Disciplina
439 1386 497 1409 nos
523 1377 674 1409 emendet

226 1424 308 1457 Eius
335 1428 473 1466 tuaeque
499 1426 700 1458 commendet

277 1472 382 1506 Felici
410 1474 584 1507 custodiae.

190 1587 197 1594 .
225 1561 305 1601 Ave,
333 1561 434 1604 virgo,
464 1561 553 1594 cuius
578 1564 654 1594 nato

226 1609 344 1642 Somno
371 1609 485 1642 mortis
511 1613 662 1650 soporato

275 1659 405 1699 Quievit
431 1656 587 1700 adflictio,

225 1708 295 1740 Tua
320 1707 413 1739 nobis
439 1716 499 1748 pro
525 1707 646 1739 virtute

223 1756 436 1796 Resurgentis
463 1764 535 1787 cum
561 1755 666 1789 saiute

272 1805 377 1837 Detur
401 1804 597 1838 benedictio.

189 1921 195 1926 .
221 1893 306 1933 Ave,
331 1892 366 1924 in
392 1902 455 1933 qua
479 1892 641 1925 habitavit

224 1941 371 1974 Christus
396 1944 427 1974 et
454 1950 549 1982 quam
577 1942 778 1983 consignavit,

275 1989 390 2022 VuItus
416 1990 465 2022 sui
491 1990 621 2032 lumine,

223 2039 294 2071 Noc
318 2038 353 2070 in
379 2047 461 2079 pace
486 2039 672 2072 obdormire

223 2087 341 2129 Sicque
366 2088 409 2120 ad
436 2088 577 2129 quietem
602 2088 661 2128 ire,

275 2137 415 2171 Praesta
440 2145 532 2169 sacro
558 2137 699 2171 numine.

165 2247 172 2254 .
190 2250 197 2258 .
225 2225 306 2267 Ave⁷
334 2227 499 2265 tamquam
525 2225 573 2257 sol
600 2225 711 2265 electa,

224 2273 296 2306 Tua
321 2272 375 2306 via
400 2276 452 2305 est
476 2273 601 2306 directa

273 2324 311 2355 In
339 2324 513 2363 conspectu
537 2322 679 2363 Domini,

227 2371 262 2404 In
292 2373 457 2404 aeternum
486 2372 649 2405 exsultare

221 2419 290 2452 Nos
316 2428 387 2451 oum
416 2420 547 2453 Christo
573 2419 628 2454 fac
652 2423 686 2452 et
711 2421 791 2453 dare

269 2468 415 2502 Laudem
440 2478 496 2501 suo
523 2470 656 2503 nomini.

890 905 921 936 6.

864 2227 919 2260 10.

949 907 1032 945 Ave,
1059 914 1140 945 quae
1161 915 1224 938 non
1252 915 1284 938 es
1312 910 1461 947 correpta

948 952 985 984 In
1013 952 1123 985 furore
1147 954 1205 987 sed
1231 958 1381 995 suscepta

998 1001 1074 1033 Cum
1101 1003 1249 1042 supernis
1278 1003 1431 1047 coetibus,

947 1048 1015 1080 Nos
1043 1048 1191 1092 defende,
1218 1060 1259 1082 ne
1282 1052 1315 1083 in
1341 1051 1391 1084 ira

946 1098 1131 1137 Arguamur
1154 1098 1217 1130 Dei
1243 1099 1314 1131 dira

994 1145 1182 1186 Deputandi
1206 1144 1345 1181 fletibus.

912 1259 919 1266 .
947 1233 1027 1272 Ave,
1053 1236 1187 1274 propter
1205 1242 1298 1273 quam
1317 1244 1482 1275 regressus

945 1280 1008 1313 Est
1031 1282 1064 1314 in
1091 1282 1200 1326 altum,
1227 1284 1281 1323 qui
1307 1292 1481 1324 perpessus

994 1330 1134 1362 Mortem
1166 1332 1213 1362 est
1238 1341 1297 1371 pro
1324 1332 1482 1375 gentibus,

945 1378 1026 1411 Post
1043 1378 1150 1418 ipsum
1175 1387 1234 1420 per
1259 1382 1292 1411 te
1309 1380 1475 1413 'trahamur

945 1426 997 1458 Ne
1023 1428 1150 1467 quando
1176 1436 1234 1459 nos
1259 1430 1424 1469 rapiamur

993 1476 1024 1507 A
1049 1475 1176 1507 leonum
1205 1475 1364 1510 dentibus.

1477 1407 1485 1425 7

912 1588 919 1595 .
950 1564 1027 1604 Ave,
1058 1563 1156 1603 virgo,
1185 1572 1280 1605 quam
1304 1563 1463 1604 praefecit

948 1611 1036 1644 Caeli
1061 1610 1150 1643 Deus
1178 1614 1210 1644 et
1233 1612 1372 1645 subiecit

997 1661 1120 1694 Cuncta
1146 1661 1213 1693 eius
1242 1662 1405 1702 precibus,

948 1708 1053 1750 Super
1079 1709 1184 1741 caelos
1210 1709 1335 1742 elevato

946 1757 1014 1790 Nos
1042 1757 1229 1791 commenda
1254 1761 1309 1791 tuo
1335 1761 1410 1791 nato

993 1806 1031 1838 In
1057 1807 1206 1846 supernis
1230 1807 1372 1840 sedibus.

914 1920 920 1927 .
946 1895 1030 1933 Ave,
1057 1902 1116 1934 per
1142 1903 1236 1934 quam
1262 1894 1451 1927 defecerunt

945 1944 1047 1975 Arma
1073 1945 1169 1983 atque
1194 1943 1362 1984 perierunt

992 1991 1106 2024 Hostis
1134 1991 1306 2032 domicilia,

942 2040 1002 2077 „Da
1028 2048 1138 2082 egeno,
1168 2041 1321 2073 derelicto

947 2089 1032 2133 Tibi,
1060 2089 1164 2121 locum
1190 2090 1309 2121 mundo
1335 2089 1421 2121 victo

995 2137 1059 2170 Dei
1086 2146 1157 2170 cum
1182 2137 1316 2172 familia.

945 2226 1028 2266 Ave,
1056 2228 1178 2265 sancta,
1209 2234 1290 2266 quae
1314 2226 1461 2266 migrasti

948 2274 1000 2306 Ad
1027 2274 1200 2315 excelsum,
1227 2283 1319 2314 quem
1347 2275 1471 2319 amasti,

996 2322 1160 2356 Christum
1170 2325 1310 2355 montem
1319 2324 1486 2358 montium.

945 2371 993 2403 Tu
1021 2372 1152 2404 obtutus
1177 2373 1211 2404 in
1237 2381 1295 2404 nos
1318 2371 1424 2415 flecte,

945 2421 1010 2453 Per
1035 2424 1069 2452 te
1093 2421 1175 2453 sorti
1198 2426 1236 2453 ut
1260 2422 1383 2455 electae

993 2469 1169 2510 Iungamur
1194 2470 1378 2504 insontium.
