1655 2726
247 208 301 241 39.
329 208 410 247 Ave,
437 207 539 240 virtus

380 258 413 288 et
436 256 521 288 salus
547 254 681 297 animae,

329 304 547 345 Superborum

376 351 519 385 furorem
541 351 691 391 reprime,

331 400 391 440 Qui
417 400 593 433 extendunt

377 448 485 481 funem
511 448 544 480 in
569 448 728 489 laqueum,

329 497 375 530 Ut
399 505 451 529 me
475 498 622 536 mergant

380 545 493 577 mortis
517 545 551 577 in
576 546 716 584 puteum.

247 623 304 656 40.
331 622 413 661 Ave,
439 623 542 654 mater

378 678 463 710 pone
489 669 666 701 custodiam

332 718 387 751 Ori
412 726 482 749 meo

377 769 409 797 et
434 765 714 802 circumstantiam,

331 814 381 846 Ne
404 813 438 845 in
464 813 562 845 verba

379 860 491 894 cadam
514 860 656 892 malitiae

330 909 533 952 Excusando,

379 956 462 998 quod
488 956 571 997 gessi
595 956 704 996 impie.

247 1034 304 1068 41.
330 1034 411 1075 Ave,
439 1033 527 1065 cuius

382 1082 530 1113 iuvamen
554 1081 692 1120 postulo.

330 1129 413 1162 Nam
438 1129 472 1161 in
496 1129 550 1161 via

379 1178 454 1218 ista,
481 1185 576 1217 quam
600 1176 739 1217 ambulo,

331 1225 450 1258 Hostes
475 1224 567 1257 multi

379 1273 582 1305 abscondunt
605 1273 697 1311 retia,

333 1321 386 1353 Ne
409 1321 452 1354 ad
477 1321 563 1353 vitae

383 1378 508 1401 curram
534 1368 706 1408 stipendia.

250 1448 307 1481 42.
333 1447 415 1488 Ave,
440 1445 530 1486 virgo

380 1495 489 1526 vivens
515 1493 662 1535 feliciter,

333 1542 462 1575 Exaudi
487 1551 546 1586 me,

380 1598 509 1632 quaeso,
535 1589 698 1630 velociter,

331 1638 385 1679 Et,
411 1646 453 1671 ne
479 1638 533 1670 diu

378 1686 412 1718 in
438 1685 528 1717 vanis
553 1684 723 1726 ambulem,

329 1735 482 1767 Monstra
504 1733 585 1765 mihi

381 1783 474 1825 viam,
506 1790 597 1822 quam
625 1780 793 1814 ambulem.

248 1861 306 1894 43.
334 1861 414 1901 Ave,
439 1867 498 1899 per
523 1867 618 1899 quam

381 1907 500 1940 mundo
527 1907 674 1946 innotuit,

334 1957 496 1989 Inclinare

385 2004 488 2037 caelos
514 2002 567 2044 qui
591 2003 695 2034 voluit

334 2053 379 2085 Et
405 2052 447 2085 ad
472 2054 591 2084 terram

382 2100 549 2133 descendit
571 2099 708 2141 humilis,

332 2149 479 2183 Vanitati

379 2207 420 2230 ne
446 2206 548 2230 essem
570 2195 693 2228 similis.

250 2278 306 2310 44.
334 2276 414 2316 Ave,
440 2276 543 2317 virgo,

381 2324 493 2366 regina
517 2323 647 2366 saeculi,

333 2374 371 2406 In
396 2376 429 2406 te
453 2374 585 2414 sperant

381 2421 520 2455 omnium
546 2421 639 2462 oculi,

1018 199 1139 241 Quibus
1166 208 1270 232 escam

1067 248 1107 281 de
1130 247 1251 280 mundo
1278 255 1413 288 corpore

1017 298 1206 338 Opportuno

1066 344 1184 378 dedisti
1209 346 1364 384 tempore.

934 425 990 459 45.
1016 425 1096 465 Ave,
1122 421 1234 455 mundi

1063 471 1214 514 princeps
1240 471 1273 501 et
1298 467 1437 508 domina,

1017 521 1149 553 Vinctos
1175 519 1274 559 solve,

1067 576 1177 601 caecos
1201 566 1358 606 illumina,

1018 619 1105 658 Quae
1130 616 1302 648 clementer

1067 665 1160 698 elisos
1187 663 1295 705 erigis,

1018 714 1123 746 Iustos
1148 715 1253 745 autem

1066 761 1153 794 foves
1180 764 1211 793 et
1237 759 1359 800 dirigis.

935 840 992 873 46.
1018 840 1099 879 Ave,
1125 838 1224 870 nubes

1066 886 1188 919 caelum
1212 885 1370 925 aperiens,

1019 934 1115 968 Unde
1139 937 1226 967 terra

1067 983 1206 1023 suscepit
1231 981 1342 1013 sitiens

1019 1031 1158 1064 Imbrem
1184 1039 1309 1070 novum,

1066 1079 1194 1112 foenum
1216 1079 1248 1111 in
1274 1076 1434 1110 montibus

1021 1127 1080 1166 Qui
1107 1127 1268 1167 producit,

1066 1174 1165 1208 vitam
1190 1174 1380 1208 hominibus.

938 1253 994 1286 47.
1020 1253 1101 1293 Ave,
1128 1252 1204 1285 Sion

1069 1304 1101 1333 et
1124 1302 1212 1341 pacis
1239 1300 1362 1341 civitas,

1025 1348 1121 1382 Cuius
1146 1353 1256 1389 portas

1068 1398 1212 1437 ingressa
1239 1397 1340 1429 deitas

1023 1443 1224 1478 Consortavit

1069 1502 1175 1526 earum
1201 1494 1375 1535 pessulum,

1019 1542 1114 1575 Unde
1138 1543 1266 1575 clausae

1064 1594 1195 1623 manent
1220 1591 1252 1623 in
1276 1590 1451 1624 saeculum.

935 1668 977 1700 47
987 1667 1017 1700 b.
1027 1669 1108 1709 Ave,
1134 1668 1244 1701 mundi

1068 1718 1178 1749 dotata
1202 1716 1351 1757 principe

1020 1764 1106 1804 Quae
1131 1763 1282 1797 frumenti

1069 1813 1215 1846 caelestis
1242 1813 1338 1855 adipe

1023 1861 1156 1894 Satiasti

1068 1909 1221 1941 mundum
1247 1907 1428 1944 famelicum

1022 1958 1140 1990 Panem
1168 1958 1196 1990 ei

1068 2006 1227 2046 praebens
1251 2008 1438 2048 angelicum.

938 2082 994 2115 48.
1023 2083 1103 2125 Ave,
1130 2083 1219 2124 virgo

1068 2134 1183 2171 potens
1206 2133 1241 2165 in
1263 2134 1375 2179 gloria,

1023 2180 1061 2211 In
1087 2180 1221 2212 excelsis

1069 2236 1163 2268 quam
1186 2230 1321 2263 laudant
1345 2232 1462 2276 omnia,

1020 2274 1067 2307 Et
1088 2277 1123 2308 in
1146 2279 1243 2311 terris

1070 2327 1106 2356 ut
1130 2328 1264 2360 matrem
1289 2329 1409 2363 saeculi

1022 2371 1125 2413 Reges
1149 2376 1256 2411 terrae

1072 2424 1104 2454 et
1129 2431 1238 2457 omnes
1263 2426 1386 2467 populi.
