1655 2726
190 251 196 258 .
224 225 305 268 Ave,
334 234 427 266 quam
454 226 558 259 adivit
583 227 689 267 fortis,

225 273 327 313 Quam
354 274 502 306 caelestis
529 284 600 307 cum
626 275 766 308 cohortis

274 322 424 362 Suscepit
450 323 605 368 tripudio,

224 370 275 402 Tu
301 370 341 402 ab
368 370 454 402 omni
479 380 537 403 nos
563 380 716 412 pressura

225 418 361 451 Salvans
388 418 469 451 caeli
496 419 558 451 duc
583 421 625 452 ad
651 420 724 452 iura

274 466 395 499 Sacrae
420 468 527 508 precis
554 469 674 501 studio.

191 581 196 587 .
224 554 307 595 Ave,
335 564 418 596 quae
442 557 617 595 assumptis
642 557 758 597 pennis

226 603 425 636 Columbinis
452 604 494 635 ad
518 604 669 644 perennis

274 651 369 684 Vitae
392 652 513 685 transis
535 653 690 693 requiem,

225 699 332 740 Supra
357 699 461 732 Deum
487 702 632 734 nostram
659 709 766 733 curam

225 748 294 780 Nos
320 749 479 781 iactantes
507 749 569 781 duc
595 749 637 781 ad
662 758 776 789 puram

273 797 392 829 Vultus
419 797 469 829 sui
495 797 646 837 speciem,

187 910 194 917 .
222 885 303 928 Ave,
331 883 423 925 virgo
450 884 539 916 cuius
562 887 657 917 natus

225 934 345 966 Passus
372 935 422 964 est.
447 935 480 965 ct
505 933 710 965 conculcatus

272 982 336 1014 Pro
363 981 468 1013 salute
489 981 642 1021 gentium,

224 1030 300 1069 Ora,
325 1034 361 1062 ut
383 1038 443 1061 nos
470 1030 666 1070 gaudeamus

222 1079 333 1118 Atque
356 1077 420 1117 ipsi
445 1077 629 1118 placeamus

271 1127 312 1159 In
336 1127 408 1159 luce
435 1125 622 1159 viventium.

187 1241 194 1247 .
221 1216 303 1254 Ave,
331 1215 433 1255 virgo,
460 1222 542 1253 quae
564 1212 684 1245 confisa

223 1263 270 1296 Es
295 1263 329 1295 in
358 1262 486 1295 Christo
514 1265 546 1294 et
571 1263 683 1302 gavisa

273 1311 494 1344 obumbrante
519 1309 658 1353 flamine,

224 1360 276 1393 Ne
302 1359 404 1392 lconis
431 1368 465 1392 os
492 1369 549 1392 nos
574 1360 675 1391 trucis

222 1409 341 1452 Rodat,
370 1409 459 1440 muni
483 1409 615 1440 sanctae
642 1408 746 1440 crucis

276 1457 448 1490 Praeclaro
474 1456 640 1491 tutamine,

189 1574 195 1581 .
224 1547 305 1586 Ave,
334 1554 393 1586 per
419 1553 513 1585 quam
541 1544 645 1576 molae
663 1541 788 1576 fractae

223 1595 306 1627 Sunt
327 1595 454 1627 leonum
483 1595 515 1624 et
540 1592 694 1625 subactae

272 1642 401 1675 Christo
429 1642 470 1674 de
495 1644 528 1673 te
554 1641 652 1682 edito,

220 1692 289 1724 Fac
315 1691 492 1724 vindictam
519 1699 577 1722 nos
602 1690 716 1722 videre

221 1741 281 1773 His
310 1740 443 1773 deiectis
471 1742 503 1770 et
527 1739 670 1781 gaudere

269 1789 380 1830 Regno
407 1788 500 1821 nobis
528 1787 649 1820 dedito.

186 1907 192 1913 .
220 1879 301 1919 Ave,
330 1876 419 1910 cuius
445 1877 479 1909 in
505 1876 647 1908 adventu

221 1926 371 1961 Christus
390 1934 525 1967 surgens
541 1933 611 1957 cum
627 1927 785 1956 conventu

270 1975 418 2008 Occurrit
445 1974 600 2016 angelico,

221 2025 322 2058 Salva
347 2032 405 2055 nos
432 2023 472 2056 ab
495 2022 635 2055 inimicis

222 2075 332 2114 Atque
357 2071 444 2105 vitae
471 2072 513 2105 da
537 2070 642 2104 felicis

267 2122 382 2163 Regno
410 2120 475 2154 frui
502 2120 632 2153 caelico.

186 2246 193 2253 .
221 2221 303 2260 Ave,
330 2220 365 2251 in
391 2227 457 2259 qua
476 2217 647 2250 incarnata

218 2268 380 2303 Maiestas
407 2269 440 2299 et
465 2266 609 2301 calceata

267 2316 332 2350 Est
357 2315 488 2349 mortali
515 2314 614 2355 corio,

217 2366 280 2410 Da,
307 2369 344 2398 ut
369 2374 479 2398 arcum
505 2363 665 2405 fugiamus

216 2414 330 2449 Hostis
357 2416 508 2456 artesque
533 2414 702 2445 vincamus

266 2463 336 2497 Tuo
362 2462 536 2497 adiutorio.

860 228 915 261 10.

860 556 915 589 11.

860 885 914 917 12.

860 1215 915 1249 13.

861 1544 915 1576 14.

859 2213 916 2247 16.

941 228 1023 268 Ave,
1052 236 1132 268 quae
1159 236 1192 259 es
1220 228 1362 260 exaltata

942 276 1037 308 Nunc
1061 277 1094 308 in
1121 275 1260 316 Christo,
1289 276 1420 309 anxiata

992 324 1089 358 Cuius
1115 327 1218 356 morte
1243 323 1363 363 fueras

941 372 1022 405 Esto
1048 372 1140 404 nobis
1166 372 1266 405 turris
1292 372 1386 405 fortis

943 421 1063 454 Contra
1095 420 1217 453 vultum
1244 422 1329 462 regis
1354 420 1478 462 mortis,

992 469 1091 509 Quem
1117 472 1269 510 potenter
1292 477 1437 509 superas.

943 556 1023 597 Ave,
1049 555 1120 588 Deo
1146 565 1228 596 quae
1252 556 1399 588 subiecta

942 603 1083 636 Nuncad
1096 604 1256 638 Christum
1270 613 1302 636 es
1312 606 1477 645 provecta,

989 653 1028 685 In
1054 661 1115 692 quo
1140 654 1197 684 tua
1220 652 1332 694 gloria,

941 699 1009 732 Fac
1033 698 1066 732 in
1093 709 1129 733 eo
1154 710 1212 732 nos
1238 709 1380 743 sperare,

942 748 988 781 Ut
1013 748 1162 789 dignetur
1186 758 1245 781 nos
1268 758 1410 789 purgare

989 799 1020 830 Α
1046 798 1203 830 malorum
1228 798 1344 830 scoria.

942 885 1024 926 Ave,
1054 884 1142 916 cuius
1169 893 1243 916 caro
1269 885 1404 916 multum

944 932 1055 965 Sitivit
1080 933 1124 965 ad
1149 932 1212 964 Dei
1237 933 1361 964 vultum

990 981 1110 1013 Mentis
1138 989 1208 1012 cum
1235 979 1363 1020 fiducia,

944 1029 968 1062 O
995 1029 1113 1068 Maria,
1140 1029 1202 1060 tuis
1229 1029 1288 1061 alis

942 1077 1010 1110 Nos
1037 1077 1203 1120 obumbra,
1231 1085 1272 1109 ne
1297 1076 1407 1109 feralis

991 1125 1186 1166 Supplantet
1210 1126 1338 1159 astutia.

941 1212 1024 1252 Ave,
1052 1211 1132 1246 felix
1156 1212 1217 1244 iam
1245 1212 1371 1245 salvata

943 1262 974 1295 A
1000 1262 1115 1293 timore
1140 1269 1179 1293 ac
1204 1260 1324 1300 stipata

992 1309 1147 1350 Supernis
1173 1309 1342 1352 militibus,

942 1359 974 1391 A
1001 1361 1159 1391 conventu
1184 1357 1397 1398 malignorum

943 1406 1011 1439 Nos
1039 1405 1187 1446 defende,
1214 1414 1256 1438 ne
1280 1415 1408 1439 reorum

990 1456 1164 1495 Iungamur
1189 1454 1369 1495 gemitibus

943 1542 1023 1581 Ave,
1052 1542 1153 1582 virgo,
1180 1550 1280 1581 supra
1306 1540 1410 1573 caelos

943 1590 1044 1630 Quam
1059 1592 1257 1630 assumptam
1273 1589 1368 1622 dulce
1380 1590 1480 1621 melos

994 1639 1164 1672 Collaudat
1189 1638 1379 1679 angelicum,

945 1687 989 1720 Ut
1012 1688 1046 1720 in
1073 1687 1165 1719 bonis
1191 1686 1345 1719 satiemur

940 1737 1064 1769 Domus
1088 1735 1152 1768 Dei
1178 1744 1217 1767 ac
1240 1736 1408 1774 laetemur,

988 1785 1052 1825 Da,
1079 1793 1097 1817 o
1124 1784 1213 1816 sidus
1241 1784 1405 1818 caelicum,

946 1873 1024 1913 Ave,
1052 1880 1134 1912 quae
1161 1872 1201 1903 de
1226 1870 1320 1903 huius
1345 1871 1432 1903 vitae

942 1921 1046 1956 Cursu
1073 1920 1170 1952 ducta
1194 1929 1227 1951 es
1251 1920 1295 1952 ad
1319 1919 1399 1951 mite

995 1969 1084 2004 Caeli
1110 1967 1326 2010 refrigerium,

943 2018 991 2052 Te
1014 2019 1147 2050 iuvante
1172 2017 1358 2057 adimpletis

942 2067 1034 2100 Votis
1061 2066 1177 2099 nostris
1203 2066 1246 2098 ad
1271 2065 1387 2105 quietis

990 2114 1149 2149 Transfer
1172 2123 1231 2147 nos
1255 2113 1438 2154 imperium.

942 2214 1024 2256 Ave,
1049 2215 1150 2256 terra,
1175 2212 1216 2244 de
1241 2220 1303 2253 qua
1330 2212 1425 2244 datur

943 2262 1045 2294 Verus
1072 2259 1208 2301 fructus,
1234 2268 1296 2301 quo
1322 2260 1467 2293 salvatur

990 2310 1134 2343 Mundus
1160 2309 1201 2341 ab
1225 2309 1369 2352 interitu,

943 2359 988 2394 Ut
1014 2367 1073 2392 nos
1098 2361 1192 2391 natus
1218 2360 1314 2398 atque
1338 2361 1432 2399 pater

943 2407 1132 2449 Benedicat,
1159 2416 1227 2451 ora,
1251 2410 1367 2450 mater,

991 2456 1070 2490 Cum
1094 2457 1260 2489 amborum
1285 2456 1413 2498 spiritu.
