1655 2726
196 238 252 272 35.

197 439 254 474 36.

197 641 252 675 37.

191 900 249 934 41.

195 1103 251 1137 42.

193 1305 250 1338 43.

193 1507 252 1539 44.

192 1709 249 1742 45.

278 238 327 270 Te
353 238 513 271 calvariae
536 237 680 270 vestibus

278 286 376 327 Loco,
401 285 485 326 Iesu,
511 285 716 318 nudaverant

278 335 387 375 Atque
411 342 523 366 manus
548 342 619 365 cum
643 333 781 373 pedibus

280 381 377 414 Cruci
403 380 502 414 clavis
528 379 720 415 adfixerant.

279 439 345 471 Pro
371 441 438 470 tam
465 438 545 470 diris
570 437 745 471 tortoribus

277 486 396 518 Preces
419 486 491 527 pias
517 485 685 529 effuderas,

279 534 414 573 Quando
440 534 545 566 crucis
572 533 736 566 doloribus

276 582 441 615 Extensus
462 582 510 614 sic
536 580 712 616 defeceras,

280 641 354 672 Iesu
378 639 497 672 latroni
523 641 630 673 omnia

275 688 452 721 Dimiseras
477 688 664 728 peccamina

278 737 329 768 Ac
353 736 497 776 paradisi
523 735 643 777 gaudia.

277 784 476 817 Promiseras
504 783 700 818 dulcissima.

274 900 510 941 Prophetarum
534 901 704 942 praesagia

276 948 314 981 In
342 957 437 981 cruce
463 957 750 989 consummavera5‚

277 997 378 1029 Primi
403 997 548 1038 parentis
576 997 686 1030 debita

278 1044 416 1077 Ratione
439 1046 654 1085 persolveras.

279 1102 317 1134 In
342 1112 454 1135 manus
479 1103 584 1143 patris
610 1103 747 1136 dederas

276 1150 363 1183 Hinc
387 1151 535 1191 spiritum
562 1151 749 1192 pretiosum,

273 1198 353 1231 Alta
376 1207 456 1231 voce
481 1199 630 1232 edideras

276 1247 423 1289 Carmen,
450 1247 532 1290 Iesu,
558 1245 755 1279 mellifluum.

279 1303 389 1337 Crucis
414 1307 549 1336 mortem
575 1304 729 1347 subieraS,

276 1353 312 1385 In
341 1360 422 1392 pace
446 1352 677 1391 obdormieras‚

277 1400 363 1432 Tuos
390 1408 428 1432 ex
453 1399 551 1432 limbo
576 1400 706 1440 rapiens

275 1447 442 1480 Infernum
467 1447 514 1479 sic
537 1448 704 1482 introiens.

279 1504 415 1538 Satelles
440 1505 524 1537 latus
549 1504 680 1537 Domini

274 1553 379 1585 Hasta
403 1551 564 1594 profunde
589 1552 726 1595 foderat,

277 1601 361 1633 Hinc
384 1610 467 1642 aqua
490 1601 600 1634 iuncta
624 1600 770 1642 sanguini

274 1648 489 1682 Abundanter
513 1647 720 1690 profluxerat.

275 1707 378 1739 Tuum
405 1716 520 1747 corpus
545 1706 779 1739 sanctissimum

276 1755 326 1787 De
351 1764 446 1787 cruce
472 1754 687 1795 deposuerant

273 1803 319 1836 Et
343 1804 525 1843 sepulcrum
550 1802 792 1835 mundissimum

274 1851 390 1884 Eidem
417 1854 617 1892 aptaverant.

803 143 872 177 222

884 241 940 273 38.

885 441 939 473 39.

885 641 942 673 40.

884 903 941 935 46.

881 1104 939 1135 47.

880 1304 936 1337 48.

878 1506 934 1539 49.

879 1708 934 1740 50.

966 240 1102 273 Iohanni
1125 242 1202 271 tunc
1228 238 1385 278 discipulo

965 286 1106 320 Mariam
1132 286 1413 319 commendaveras

965 334 1011 367 Et
1035 334 1065 366 ei
1089 335 1122 367 in
1147 334 1293 375 patibulo

967 382 1006 414 In
1030 380 1131 413 filium
1159 382 1346 415 donaveras..

966 439 1014 471 Te
1040 438 1229 472 derelictum
1253 437 1399 470 omnibus

966 487 1050 519 Dum
1075 487 1163 526 patri
1186 486 1457 527 proclamaveras‚

966 533 1172 567 Inimicorum
1196 533 1329 566 vocibus

967 582 1065 615 Diras
1090 582 1190 614 sumis
1214 580 1443 622 blasphemias.

969 639 1029 679 Qui
1056 640 1129 672 dum
1156 638 1318 671 exhaustis
1343 637 1467 671 viribus

967 687 1051 721 Sitia
1078 687 1330 728 exclamaveras,

967 736 1028 768 Fel
1054 739 1086 768 et
1109 738 1236 768 acetum
1259 733 1407 768 faucibus

967 784 1075 817 Morte
1099 784 1205 817 raucis
1230 786 1427 825 gustaveras.

967 902 1050 940 Iesu,
1078 900 1197 932 virtute
1222 901 1356 941 propria

967 949 1062 981 Victa
1082 952 1186 981 morte
1209 956 1397 980 surrexeras

968 1001 1016 1030 Ac
1040 999 1176 1029 matrem
1201 1005 1221 1028 a
1243 996 1377 1028 tristitia

964 1045 1009 1078 Et
1035 1045 1169 1077 dilectos
1195 1052 1368 1076 exemeras.

967 1102 1134 1135 Caelorum
1160 1109 1257 1141 super
1282 1101 1392 1134 sidera

965 1150 1114 1182 Virtuose
1139 1149 1372 1181 conscenderas

963 1198 1008 1230 Et
1030 1197 1062 1229 in
1088 1200 1225 1238 paterna
1251 1197 1385 1230 dextera

964 1245 1110 1278 Gloriose
1134 1245 1314 1279 resederaS.

962 1303 1178 1336 Pentecostali
1204 1305 1349 1343 tempore

963 1349 1117 1391 Spiritum
1144 1355 1290 1383 sanctum
1316 1351 1449 1384 miseras

961 1398 1127 1439 Apostolis
1152 1408 1212 1439 pro
1238 1398 1384 1439 foenore,

962 1448 1008 1481 Ut
1032 1450 1126 1479 antea
1151 1447 1356 1489 promiseras.

960 1503 1099 1537 Mariam
1125 1513 1223 1545 super
1247 1504 1380 1537 aethera

961 1553 1113 1585 Potenter
1138 1553 1351 1594 exaltaveras,

962 1602 998 1633 In
1025 1603 1089 1642 tua,
1116 1600 1199 1644 Iesu,
1228 1602 1362 1634 dextera

962 1649 1123 1682 Decenter
1149 1649 1378 1683 collocaveras.

962 1707 1089 1740 Saeculi
1113 1709 1248 1748 propter
1274 1708 1399 1740 scelera

963 1754 1078 1787 Venies
1104 1756 1147 1788 ad
1171 1755 1324 1788 iudicium

959 1803 1007 1836 Et
1029 1803 1225 1843 singulorum
1251 1813 1352 1844 opera

964 1852 1124 1884 Discuties
1150 1852 1192 1885 ad
1216 1854 1376 1889 ultimum.

537 1908 591 1942 51.
619 1908 669 1941 Sit
692 1909 762 1941 laus
787 1910 873 1949 patri
899 1918 969 1942 cum
995 1909 1061 1942 filio

617 1958 682 1990 Pro
705 1966 815 1989 amore
839 1960 904 1990 tam
929 1958 1027 1990 nimio

619 2005 698 2038 Cum
723 2006 839 2046 spiritu
863 2007 1021 2046 paraclito

617 2054 655 2086 In
680 2054 877 2093 sempiterna
900 2055 1037 2090 saecula.

257 2112 337 2140 Orat.
364 2121 417 2139 ms.
438 2110 629 2146 Pollingense
653 2111 724 2138 anni
752 2108 834 2138 1501.
877 2110 948 2139 Clm.
970 2113 1126 2141 Monacen.
1154 2113 1257 2142 11922.
1278 2130 1315 2135 —-
1337 2113 1380 2149 11,
1403 2115 1421 2145 3
1442 2126 1500 2153 que

178 2151 260 2179 fehlt.
287 2165 323 2170 -
347 2148 390 2183 12,
414 2148 428 2177 1
457 2151 487 2177 et
512 2149 593 2177 fehlt.
617 2164 651 2168 -
679 2147 725 2184 38,
749 2147 763 2176 1
790 2151 841 2176 tuo
862 2150 1017 2188 discipulo.
1038 2168 1076 2172 —
1098 2151 1146 2185 46,
1169 2152 1188 2181 2
1204 2151 1332 2183 Devicta
1352 2169 1389 2173 —
1408 2153 1457 2189 48,
1479 2156 1499 2184 4

177 2191 221 2220 Ut
241 2191 319 2218 ante.
342 2204 377 2209 —
397 2189 483 2218 Naoh
503 2189 561 2217 Str.
582 2187 619 2217 50
638 2187 715 2224 folgt
732 2187 807 2216 noch

636 2227 718 2261 Dira,
738 2226 807 2254 Iesu
826 2227 977 2264 supplicia

636 2265 768 2293 Daturus
791 2274 821 2293 es
840 2268 874 2294 tu.
893 2268 1041 2303 reprobris

634 2303 732 2340 Atque
751 2304 866 2333 selectis
888 2306 999 2342 gaudia

635 2343 672 2370 In
692 2343 824 2379 paradisi
843 2347 970 2381 pascuis.

179 2387 270 2415 Diese
291 2385 348 2415 Str.
368 2389 410 2416 ist
428 2387 611 2424 iiberz'ahlig,
631 2396 718 2416 wenn
731 2386 788 2415 Str.
811 2385 884 2416 1-3
906 2398 973 2418 zum
986 2391 1144 2420 Rosarium
1164 2391 1287 2426 zahl-2113
1307 2401 1394 2420 wenn
1408 2392 1499 2428 nicht,

177 2425 275 2454 fehlen
297 2427 362 2454 dem
383 2435 498 2464 ganzen
517 2428 591 2455 zwei
612 2425 768 2463 Strophen.
806 2427 864 2454 Mit
883 2428 993 2457 diesem
1014 2430 1172 2459 Rosarium
1192 2431 1233 2459 ist
1252 2440 1288 2458 zu
1308 2431 1498 2466 vergleichen

178 2465 230 2493 ΝΥ.
247 2463 264 2493 6
286 2464 310 2494 Ο
330 2466 450 2494 Maria
470 2465 615 2494 florens
636 2473 733 2501 rosa,
756 2465 880 2494 welches
895 2467 1097 2505 Umdichtung
1117 2470 1168 2497 des
1189 2469 1406 2498 vorstehenden
1425 2471 1474 2497 ist.
