<?xml version="1.0" encoding="UTF-8"?>
<!DOCTYPE html PUBLIC "-//W3C//DTD XHTML 1.0 Transitional//EN"
    "http://www.w3.org/TR/xhtml1/DTD/xhtml1-transitional.dtd">
<html xmlns="http://www.w3.org/1999/xhtml" xml:lang="en" lang="en">
 <head>
  <title>
</title>
<meta http-equiv="Content-Type" content="text/html;charset=utf-8" />
  <meta name='ocr-system' content='tesseract 3.04.00' />
  <meta name='ocr-capabilities' content='ocr_page ocr_carea ocr_par ocr_line ocrx_word'/>
</head>
<body>
  <div class='ocr_page' id='page_1' title='image "./analectahymnica36drevuoft_00049.png"; bbox 0 0 1655 2726; ppageno 0'>
   <div class='ocr_carea' id='block_1_1' title="bbox 244 153 1010 620">
    <p class='ocr_par' dir='ltr' id='par_1_1' title="bbox 244 153 1010 620">
     <span class='ocr_line' id='line_1_1' title="bbox 772 153 1010 188; baseline -0.008 -9"><span class='ocrx_word' id='word_1_1' title='bbox 772 175 817 179; x_wconf 78' lang='grc'>.-</span> <span class='ocrx_word' id='word_1_2' title='bbox 867 153 913 188; x_wconf 79' lang='grc'>46</span> <span class='ocrx_word' id='word_1_3' title='bbox 961 172 1010 177; x_wconf 80' lang='grc'>-</span> 
     </span>
     <span class='ocr_line' id='line_1_2' title="bbox 244 250 992 293; baseline -0.003 -9"><span class='ocrx_word' id='word_1_4' title='bbox 244 252 299 285; x_wconf 88' lang='lat'>42.</span> <span class='ocrx_word' id='word_1_5' title='bbox 326 252 407 293; x_wconf 88' lang='lat' dir='ltr'>Ave,</span> <span class='ocrx_word' id='word_1_6' title='bbox 435 252 536 292; x_wconf 82' lang='lat' dir='ltr'>virgo,</span> <span class='ocrx_word' id='word_1_7' title='bbox 934 250 992 283; x_wconf 87' lang='lat'>46.</span> 
     </span>
     <span class='ocr_line' id='line_1_3' title="bbox 375 300 692 340; baseline 0 -9"><span class='ocrx_word' id='word_1_8' title='bbox 375 302 485 332; x_wconf 85' lang='lat' dir='ltr'>vatum</span> <span class='ocrx_word' id='word_1_9' title='bbox 511 300 692 340; x_wconf 82' lang='lat' dir='ltr'>progenies,</span> 
     </span>
     <span class='ocr_line' id='line_1_4' title="bbox 328 347 616 388; baseline -0.003 -9"><span class='ocrx_word' id='word_1_10' title='bbox 328 347 426 386; x_wconf 85' lang='lat' dir='ltr'>Quam</span> <span class='ocrx_word' id='word_1_11' title='bbox 452 347 616 388; x_wconf 81' lang='lat' dir='ltr'>praevidit</span> 
     </span>
     <span class='ocr_line' id='line_1_5' title="bbox 378 395 621 435; baseline -0.004 -8"><span class='ocrx_word' id='word_1_12' title='bbox 378 405 485 428; x_wconf 85' lang='lat' dir='ltr'>eorum</span> <span class='ocrx_word' id='word_1_13' title='bbox 509 395 621 435; x_wconf 86' lang='lat' dir='ltr'>series,</span> 
     </span>
     <span class='ocr_line' id='line_1_6' title="bbox 329 442 581 483; baseline -0.012 -6"><span class='ocrx_word' id='word_1_14' title='bbox 329 445 397 477; x_wconf 81' lang='lat' dir='ltr'>Fac</span> <span class='ocrx_word' id='word_1_15' title='bbox 421 442 581 483; x_wconf 83' lang='lat' dir='ltr'>consequi,</span> 
     </span>
     <span class='ocr_line' id='line_1_7' title="bbox 377 491 781 532; baseline -0.002 -8"><span class='ocrx_word' id='word_1_16' title='bbox 377 492 461 532; x_wconf 90' lang='lat' dir='ltr'>quod</span> <span class='ocrx_word' id='word_1_17' title='bbox 488 492 529 524; x_wconf 90' lang='lat' dir='ltr'>de</span> <span class='ocrx_word' id='word_1_18' title='bbox 552 494 586 523; x_wconf 86' lang='lat' dir='ltr'>te</span> <span class='ocrx_word' id='word_1_19' title='bbox 610 491 781 532; x_wconf 88' lang='lat' dir='ltr'>credimus,</span> 
     </span>
     <span class='ocr_line' id='line_1_8' title="bbox 331 539 532 573; baseline -0.01 0"><span class='ocrx_word' id='word_1_20' title='bbox 331 539 378 573; x_wconf 86' lang='lat' dir='ltr'>Ut</span> <span class='ocrx_word' id='word_1_21' title='bbox 402 539 532 573; x_wconf 88' lang='lat' dir='ltr'>auribus</span> 
     </span>
     <span class='ocr_line' id='line_1_9' title="bbox 377 587 710 620; baseline -0.006 0"><span class='ocrx_word' id='word_1_22' title='bbox 377 588 496 620; x_wconf 87' lang='lat' dir='ltr'>nostris</span> <span class='ocrx_word' id='word_1_23' title='bbox 521 587 710 620; x_wconf 88' lang='lat' dir='ltr'>audivimus.</span> 
     </span>
    </p>
   </div>
   <div class='ocr_carea' id='block_1_2' title="bbox 1017 249 1382 617">
    <p class='ocr_par' dir='ltr' id='par_1_2' title="bbox 1017 249 1382 617">
     <span class='ocr_line' id='line_1_10' title="bbox 1018 249 1229 291; baseline -0.005 -10"><span class='ocrx_word' id='word_1_24' title='bbox 1018 249 1100 291; x_wconf 85' lang='lat' dir='ltr'>Ave,</span> <span class='ocrx_word' id='word_1_25' title='bbox 1125 251 1229 280; x_wconf 83' lang='lat' dir='ltr'>mater</span> 
     </span>
     <span class='ocr_line' id='line_1_11' title="bbox 1064 295 1350 335; baseline -0.007 -7"><span class='ocrx_word' id='word_1_26' title='bbox 1064 297 1205 328; x_wconf 83' lang='lat' dir='ltr'>tonantis</span> <span class='ocrx_word' id='word_1_27' title='bbox 1229 295 1350 335; x_wconf 80' lang='lat' dir='ltr'>inclita,</span> 
     </span>
     <span class='ocr_line' id='line_1_12' title="bbox 1018 344 1256 385; baseline -0.008 -7"><span class='ocrx_word' id='word_1_28' title='bbox 1018 344 1115 378; x_wconf 89' lang='lat' dir='ltr'>Cuius</span> <span class='ocrx_word' id='word_1_29' title='bbox 1140 354 1256 385; x_wconf 83' lang='lat' dir='ltr'>magna</span> 
     </span>
     <span class='ocr_line' id='line_1_13' title="bbox 1064 390 1382 429; baseline -0.009 -4"><span class='ocrx_word' id='word_1_30' title='bbox 1064 393 1237 425; x_wconf 81' lang='lat' dir='ltr'><strong>laudantur</strong></span> <span class='ocrx_word' id='word_1_31' title='bbox 1259 390 1382 429; x_wconf 84' lang='lat' dir='ltr'>merita,</span> 
     </span>
     <span class='ocr_line' id='line_1_14' title="bbox 1018 440 1279 473; baseline -0.004 0"><span class='ocrx_word' id='word_1_32' title='bbox 1018 440 1087 473; x_wconf 82' lang='lat' dir='ltr'>Fac</span> <span class='ocrx_word' id='word_1_33' title='bbox 1110 450 1169 473; x_wconf 91' lang='lat' dir='ltr'>nos</span> <span class='ocrx_word' id='word_1_34' title='bbox 1194 440 1279 473; x_wconf 85' lang='lat' dir='ltr'>cives</span> 
     </span>
     <span class='ocr_line' id='line_1_15' title="bbox 1065 488 1329 521; baseline -0.011 0"><span class='ocrx_word' id='word_1_35' title='bbox 1065 489 1155 521; x_wconf 89' lang='lat' dir='ltr'>urbis</span> <span class='ocrx_word' id='word_1_36' title='bbox 1177 488 1329 520; x_wconf 82' lang='lat' dir='ltr'>uranicae</span> 
     </span>
     <span class='ocr_line' id='line_1_16' title="bbox 1017 537 1248 569; baseline -0.004 0"><span class='ocrx_word' id='word_1_37' title='bbox 1017 537 1062 569; x_wconf 87' lang='lat' dir='ltr'>Et</span> <span class='ocrx_word' id='word_1_38' title='bbox 1082 537 1116 569; x_wconf 90' lang='lat' dir='ltr'>in</span> <span class='ocrx_word' id='word_1_39' title='bbox 1139 540 1248 569; x_wconf 88' lang='lat' dir='ltr'>monte</span> 
     </span>
     <span class='ocr_line' id='line_1_17' title="bbox 1067 583 1372 617; baseline -0.007 0"><span class='ocrx_word' id='word_1_40' title='bbox 1067 587 1178 617; x_wconf 85' lang='lat' dir='ltr'>sancto</span> <span class='ocrx_word' id='word_1_41' title='bbox 1203 583 1372 616; x_wconf 87' lang='lat' dir='ltr'>constitue.</span> 
     </span>
    </p>
   </div>
   <div class='ocr_carea' id='block_1_3' title="bbox 247 642 1437 2454">
    <p class='ocr_par' dir='ltr' id='par_1_3' title="bbox 247 642 1437 2454">
     <span class='ocr_line' id='line_1_18' title="bbox 247 642 1215 686; baseline -0.004 -8"><span class='ocrx_word' id='word_1_42' title='bbox 247 647 303 679; x_wconf 89' lang='lat'>43.</span> <span class='ocrx_word' id='word_1_43' title='bbox 329 646 410 686; x_wconf 89' lang='lat' dir='ltr'>Ave,</span> <span class='ocrx_word' id='word_1_44' title='bbox 438 644 538 685; x_wconf 86' lang='lat' dir='ltr'>verbi,</span> <span class='ocrx_word' id='word_1_45' title='bbox 936 644 992 677; x_wconf 83' lang='lat'>47.</span> <span class='ocrx_word' id='word_1_46' title='bbox 1018 643 1098 681; x_wconf 90' lang='lat' dir='ltr'>Ave,</span> <span class='ocrx_word' id='word_1_47' title='bbox 1128 642 1215 674; x_wconf 86' lang='lat' dir='ltr'>euius</span> 
     </span>
     <span class='ocr_line' id='line_1_19' title="bbox 379 689 1327 734; baseline -0.005 -9"><span class='ocrx_word' id='word_1_48' title='bbox 379 694 463 734; x_wconf 90' lang='lat' dir='ltr'>quod</span> <span class='ocrx_word' id='word_1_49' title='bbox 489 695 615 725; x_wconf 84' lang='lat' dir='ltr'>eructat</span> <span class='ocrx_word' id='word_1_50' title='bbox 636 694 740 732; x_wconf 85' lang='lat' dir='ltr'>pater,</span> <span class='ocrx_word' id='word_1_51' title='bbox 1065 690 1167 723; x_wconf 89' lang='lat' dir='ltr'>filium</span> <span class='ocrx_word' id='word_1_52' title='bbox 1192 689 1327 723; x_wconf 83' lang='lat' dir='ltr'>audiunt</span> 
     </span>
     <span class='ocr_line' id='line_1_20' title="bbox 332 739 1283 779; baseline -0.004 -6"><span class='ocrx_word' id='word_1_53' title='bbox 332 741 541 774; x_wconf 80' lang='lat' dir='ltr'>Sanctissima</span> <span class='ocrx_word' id='word_1_54' title='bbox 1020 739 1136 772; x_wconf 85' lang='lat' dir='ltr'>Omnes</span> <span class='ocrx_word' id='word_1_55' title='bbox 1161 740 1283 779; x_wconf 81' lang='lat' dir='ltr'>gentes,</span> 
     </span>
     <span class='ocr_line' id='line_1_21' title="bbox 379 784 1437 829; baseline -0.007 -8"><span class='ocrx_word' id='word_1_56' title='bbox 379 789 489 821; x_wconf 80' lang='lat' dir='ltr'>nutrix</span> <span class='ocrx_word' id='word_1_57' title='bbox 514 791 609 829; x_wconf 83' lang='lat' dir='ltr'>atque</span> <span class='ocrx_word' id='word_1_58' title='bbox 632 788 745 828; x_wconf 86' lang='lat' dir='ltr'>mater,</span> <span class='ocrx_word' id='word_1_59' title='bbox 1068 794 1275 827; x_wconf 81' lang='lat' dir='ltr'>quaecunque</span> <span class='ocrx_word' id='word_1_60' title='bbox 1300 784 1437 825; x_wconf 87' lang='lat' dir='ltr'>sapiunt,</span> 
     </span>
     <span class='ocr_line' id='line_1_22' title="bbox 332 833 1302 877; baseline -0.004 -8"><span class='ocrx_word' id='word_1_61' title='bbox 332 838 395 870; x_wconf 88' lang='lat' dir='ltr'>Dic</span> <span class='ocrx_word' id='word_1_62' title='bbox 419 845 519 877; x_wconf 86' lang='lat' dir='ltr'>opera</span> <span class='ocrx_word' id='word_1_63' title='bbox 1019 836 1088 869; x_wconf 84' lang='lat' dir='ltr'>Fae</span> <span class='ocrx_word' id='word_1_64' title='bbox 1112 844 1169 867; x_wconf 90' lang='lat' dir='ltr'>nos</span> <span class='ocrx_word' id='word_1_65' title='bbox 1196 833 1302 866; x_wconf 88' lang='lat' dir='ltr'>cordis</span> 
     </span>
     <span class='ocr_line' id='line_1_23' title="bbox 380 881 1347 925; baseline -0.005 -8"><span class='ocrx_word' id='word_1_66' title='bbox 380 885 473 925; x_wconf 89' lang='lat' dir='ltr'>bona,</span> <span class='ocrx_word' id='word_1_67' title='bbox 500 892 581 924; x_wconf 87' lang='lat' dir='ltr'>quae</span> <span class='ocrx_word' id='word_1_68' title='bbox 604 882 747 925; x_wconf 80' lang='lat' dir='ltr'>fecimus,</span> <span class='ocrx_word' id='word_1_69' title='bbox 1067 891 1145 915; x_wconf 89' lang='lat' dir='ltr'>aure</span> <span class='ocrx_word' id='word_1_70' title='bbox 1170 881 1347 923; x_wconf 78' lang='lat' dir='ltr'>percipere,</span> 
     </span>
     <span class='ocr_line' id='line_1_24' title="bbox 333 930 1308 973; baseline -0.004 -8"><span class='ocrx_word' id='word_1_71' title='bbox 333 934 378 966; x_wconf 85' lang='lat' dir='ltr'>Et</span> <span class='ocrx_word' id='word_1_72' title='bbox 402 932 470 973; x_wconf 85' lang='lat' dir='ltr'>regi</span> <span class='ocrx_word' id='word_1_73' title='bbox 494 934 576 973; x_wconf 85' lang='lat' dir='ltr'>tege,</span> <span class='ocrx_word' id='word_1_74' title='bbox 1022 930 1185 971; x_wconf 71' lang='lat' dir='ltr'>Quidquid</span> <span class='ocrx_word' id='word_1_75' title='bbox 1211 931 1251 963; x_wconf 90' lang='lat' dir='ltr'>de</span> <span class='ocrx_word' id='word_1_76' title='bbox 1275 931 1308 960; x_wconf 83' lang='lat' dir='ltr'>te</span> 
     </span>
     <span class='ocr_line' id='line_1_25' title="bbox 382 978 1368 1021; baseline -0.002 -8"><span class='ocrx_word' id='word_1_77' title='bbox 382 980 468 1021; x_wconf 81' lang='lat' dir='ltr'>quod</span> <span class='ocrx_word' id='word_1_78' title='bbox 494 979 695 1020; x_wconf 86' lang='lat' dir='ltr'>deliquimus.</span> <span class='ocrx_word' id='word_1_79' title='bbox 1070 978 1220 1011; x_wconf 87' lang='lat' dir='ltr'>debemus</span> <span class='ocrx_word' id='word_1_80' title='bbox 1247 985 1368 1017; x_wconf 83' lang='lat' dir='ltr'>sapere.</span> 
     </span>
     <span class='ocr_line' id='line_1_26' title="bbox 252 1037 1232 1079; baseline -0.004 -8"><span class='ocrx_word' id='word_1_81' title='bbox 252 1041 308 1073; x_wconf 90' lang='lat'>44.</span> <span class='ocrx_word' id='word_1_82' title='bbox 335 1041 416 1078; x_wconf 81' lang='lat' dir='ltr'>Ave,</span> <span class='ocrx_word' id='word_1_83' title='bbox 442 1037 557 1069; x_wconf 88' lang='lat' dir='ltr'>summi</span> <span class='ocrx_word' id='word_1_84' title='bbox 939 1039 994 1072; x_wconf 85' lang='lat'>48.</span> <span class='ocrx_word' id='word_1_85' title='bbox 1021 1038 1102 1079; x_wconf 88' lang='lat' dir='ltr'>Ave,</span> <span class='ocrx_word' id='word_1_86' title='bbox 1128 1038 1232 1068; x_wconf 84' lang='lat' dir='ltr'>mater</span> 
     </span>
     <span class='ocr_line' id='line_1_27' title="bbox 381 1082 1359 1127; baseline -0.004 -10"><span class='ocrx_word' id='word_1_87' title='bbox 381 1086 465 1126; x_wconf 89' lang='lat' dir='ltr'>regis</span> <span class='ocrx_word' id='word_1_88' title='bbox 489 1085 654 1127; x_wconf 84' lang='lat' dir='ltr'>palatium,</span> <span class='ocrx_word' id='word_1_89' title='bbox 1071 1085 1200 1117; x_wconf 89' lang='lat' dir='ltr'>deorum</span> <span class='ocrx_word' id='word_1_90' title='bbox 1230 1082 1359 1122; x_wconf 88' lang='lat' dir='ltr'>domini,</span> 
     </span>
     <span class='ocr_line' id='line_1_28' title="bbox 334 1132 1207 1176; baseline -0.003 -10"><span class='ocrx_word' id='word_1_91' title='bbox 334 1134 455 1166; x_wconf 85' lang='lat' dir='ltr'>Nostra</span> <span class='ocrx_word' id='word_1_92' title='bbox 478 1134 581 1165; x_wconf 86' lang='lat' dir='ltr'>virtus</span> <span class='ocrx_word' id='word_1_93' title='bbox 1023 1134 1091 1176; x_wconf 89' lang='lat' dir='ltr'>Ope</span> <span class='ocrx_word' id='word_1_94' title='bbox 1115 1132 1207 1164; x_wconf 89' lang='lat' dir='ltr'>nobis</span> 
     </span>
     <span class='ocr_line' id='line_1_29' title="bbox 384 1177 1351 1222; baseline -0.003 -9"><span class='ocrx_word' id='word_1_95' title='bbox 384 1185 479 1222; x_wconf 85' lang='lat' dir='ltr'>atque</span> <span class='ocrx_word' id='word_1_96' title='bbox 503 1180 672 1221; x_wconf 83' lang='lat' dir='ltr'>refugium,</span> <span class='ocrx_word' id='word_1_97' title='bbox 1070 1188 1221 1212; x_wconf 87' lang='lat' dir='ltr'>succurre</span> <span class='ocrx_word' id='word_1_98' title='bbox 1247 1177 1351 1220; x_wconf 84' lang='lat' dir='ltr'>celeri,</span> 
     </span>
     <span class='ocr_line' id='line_1_30' title="bbox 334 1228 1249 1263; baseline -0.003 -1"><span class='ocrx_word' id='word_1_99' title='bbox 334 1230 463 1263; x_wconf 87' lang='lat' dir='ltr'>Adiuva</span> <span class='ocrx_word' id='word_1_100' title='bbox 487 1238 545 1261; x_wconf 92' lang='lat' dir='ltr'>nos</span> <span class='ocrx_word' id='word_1_101' title='bbox 1022 1228 1090 1261; x_wconf 82' lang='lat' dir='ltr'>Nos</span> <span class='ocrx_word' id='word_1_102' title='bbox 1118 1228 1249 1260; x_wconf 84' lang='lat' dir='ltr'>devotos</span> 
     </span>
     <span class='ocr_line' id='line_1_31' title="bbox 382 1275 1390 1320; baseline -0.005 -11"><span class='ocrx_word' id='word_1_103' title='bbox 382 1278 416 1309; x_wconf 90' lang='lat' dir='ltr'>in</span> <span class='ocrx_word' id='word_1_104' title='bbox 439 1277 501 1309; x_wconf 87' lang='lat' dir='ltr'>hoc</span> <span class='ocrx_word' id='word_1_105' title='bbox 525 1276 647 1320; x_wconf 81' lang='lat' dir='ltr'>exsilio,</span> <span class='ocrx_word' id='word_1_106' title='bbox 1072 1277 1112 1309; x_wconf 92' lang='lat' dir='ltr'>de</span> <span class='ocrx_word' id='word_1_107' title='bbox 1132 1275 1228 1307; x_wconf 87' lang='lat' dir='ltr'>terris</span> <span class='ocrx_word' id='word_1_108' title='bbox 1254 1281 1390 1307; x_wconf 84' lang='lat' dir='ltr'>evocans</span> 
     </span>
     <span class='ocr_line' id='line_1_32' title="bbox 334 1324 1245 1364; baseline -0.002 -7"><span class='ocrx_word' id='word_1_109' title='bbox 334 1325 385 1358; x_wconf 86' lang='lat' dir='ltr'>Ne</span> <span class='ocrx_word' id='word_1_110' title='bbox 410 1327 545 1364; x_wconf 86' lang='lat' dir='ltr'>occupet</span> <span class='ocrx_word' id='word_1_111' title='bbox 1022 1324 1066 1357; x_wconf 86' lang='lat' dir='ltr'>Et</span> <span class='ocrx_word' id='word_1_112' title='bbox 1090 1325 1124 1356; x_wconf 90' lang='lat' dir='ltr'>in</span> <span class='ocrx_word' id='word_1_113' title='bbox 1149 1332 1245 1364; x_wconf 88' lang='lat' dir='ltr'>regno</span> 
     </span>
     <span class='ocr_line' id='line_1_33' title="bbox 382 1371 1403 1413; baseline -0.002 -9"><span class='ocrx_word' id='word_1_114' title='bbox 382 1382 440 1405; x_wconf 94' lang='lat' dir='ltr'>nos</span> <span class='ocrx_word' id='word_1_115' title='bbox 462 1372 638 1405; x_wconf 84' lang='lat' dir='ltr'>tribulatio.</span> <span class='ocrx_word' id='word_1_116' title='bbox 1071 1381 1207 1413; x_wconf 87' lang='lat' dir='ltr'>superno</span> <span class='ocrx_word' id='word_1_117' title='bbox 1233 1371 1403 1403; x_wconf 84' lang='lat' dir='ltr'>collocans.</span> 
     </span>
     <span class='ocr_line' id='line_1_34' title="bbox 252 1429 1222 1472; baseline -0.005 -7"><span class='ocrx_word' id='word_1_118' title='bbox 252 1432 307 1465; x_wconf 90' lang='lat'>45.</span> <span class='ocrx_word' id='word_1_119' title='bbox 334 1431 414 1472; x_wconf 91' lang='lat' dir='ltr'>Ave,</span> <span class='ocrx_word' id='word_1_120' title='bbox 438 1430 528 1470; x_wconf 84' lang='lat' dir='ltr'>virgo</span> <span class='ocrx_word' id='word_1_121' title='bbox 940 1433 996 1464; x_wconf 84' lang='lat'>49.</span> <span class='ocrx_word' id='word_1_122' title='bbox 1021 1430 1103 1470; x_wconf 85' lang='lat' dir='ltr'>Ave,</span> <span class='ocrx_word' id='word_1_123' title='bbox 1128 1429 1222 1461; x_wconf 88' lang='lat' dir='ltr'>iubar</span> 
     </span>
     <span class='ocr_line' id='line_1_35' title="bbox 384 1476 1323 1517; baseline -0.001 -8"><span class='ocrx_word' id='word_1_124' title='bbox 384 1478 472 1510; x_wconf 89' lang='lat' dir='ltr'>cuius</span> <span class='ocrx_word' id='word_1_125' title='bbox 492 1477 690 1517; x_wconf 74' lang='lat' dir='ltr'>profectibus</span> <span class='ocrx_word' id='word_1_126' title='bbox 1072 1478 1172 1510; x_wconf 87' lang='lat' dir='ltr'>divini</span> <span class='ocrx_word' id='word_1_127' title='bbox 1197 1476 1323 1515; x_wconf 86' lang='lat' dir='ltr'>sideris,</span> 
     </span>
     <span class='ocr_line' id='line_1_36' title="bbox 336 1526 1210 1566; baseline -0.002 -7"><span class='ocrx_word' id='word_1_128' title='bbox 336 1527 452 1559; x_wconf 83' lang='lat' dir='ltr'>Omnes</span> <span class='ocrx_word' id='word_1_129' title='bbox 477 1528 587 1566; x_wconf 82' lang='lat' dir='ltr'>gentes</span> <span class='ocrx_word' id='word_1_130' title='bbox 1022 1526 1210 1559; x_wconf 81' lang='lat' dir='ltr'>Miseratrix</span> 
     </span>
     <span class='ocr_line' id='line_1_37' title="bbox 383 1573 1344 1616; baseline -0.002 -10"><span class='ocrx_word' id='word_1_131' title='bbox 383 1574 543 1614; x_wconf 87' lang='lat' dir='ltr'>plaudunt</span> <span class='ocrx_word' id='word_1_132' title='bbox 565 1573 722 1614; x_wconf 83' lang='lat' dir='ltr'>manibuS‚</span> <span class='ocrx_word' id='word_1_133' title='bbox 1071 1573 1183 1606; x_wconf 84' lang='lat' dir='ltr'>effecta</span> <span class='ocrx_word' id='word_1_134' title='bbox 1206 1573 1344 1616; x_wconf 86' lang='lat' dir='ltr'>miseris,</span> 
     </span>
     <span class='ocr_line' id='line_1_38' title="bbox 339 1622 1231 1656; baseline -0.003 0"><span class='ocrx_word' id='word_1_135' title='bbox 339 1623 398 1656; x_wconf 84' lang='lat' dir='ltr'>Cui</span> <span class='ocrx_word' id='word_1_136' title='bbox 423 1622 542 1654; x_wconf 83' lang='lat' dir='ltr'>caelica</span> <span class='ocrx_word' id='word_1_137' title='bbox 1023 1622 1120 1656; x_wconf 83' lang='lat' dir='ltr'>quta</span> <span class='ocrx_word' id='word_1_138' title='bbox 1144 1625 1231 1654; x_wconf 83' lang='lat' dir='ltr'>tuam</span> 
     </span>
     <span class='ocr_line' id='line_1_39' title="bbox 382 1670 1323 1711; baseline 0 -9"><span class='ocrx_word' id='word_1_139' title='bbox 382 1670 521 1702; x_wconf 85' lang='lat' dir='ltr'>iubilant</span> <span class='ocrx_word' id='word_1_140' title='bbox 544 1670 679 1711; x_wconf 84' lang='lat' dir='ltr'>agmina.</span> <span class='ocrx_word' id='word_1_141' title='bbox 1070 1670 1323 1703; x_wconf 86' lang='lat' dir='ltr'>misericordiam</span> 
     </span>
     <span class='ocr_line' id='line_1_40' title="bbox 339 1718 1268 1760; baseline 0 -9"><span class='ocrx_word' id='word_1_142' title='bbox 339 1718 386 1751; x_wconf 91' lang='lat' dir='ltr'>Ut</span> <span class='ocrx_word' id='word_1_143' title='bbox 409 1718 612 1760; x_wconf 76' lang='lat' dir='ltr'>exsultemus,</span> <span class='ocrx_word' id='word_1_144' title='bbox 1024 1720 1125 1752; x_wconf 89' lang='lat' dir='ltr'>Posce</span> <span class='ocrx_word' id='word_1_145' title='bbox 1149 1719 1268 1751; x_wconf 89' lang='lat' dir='ltr'>nostris</span> 
     </span>
     <span class='ocr_line' id='line_1_41' title="bbox 385 1765 1374 1809; baseline 0.002 -11"><span class='ocrx_word' id='word_1_146' title='bbox 385 1765 493 1809; x_wconf 82' lang='lat' dir='ltr'>facito,</span> <span class='ocrx_word' id='word_1_147' title='bbox 522 1766 660 1800; x_wconf 80' lang='lat' dir='ltr'>domina.</span> <span class='ocrx_word' id='word_1_148' title='bbox 1072 1768 1213 1807; x_wconf 86' lang='lat' dir='ltr'>peccatis</span> <span class='ocrx_word' id='word_1_149' title='bbox 1237 1767 1374 1800; x_wconf 83' lang='lat' dir='ltr'>veniam.</span> 
     </span>
     <span class='ocr_line' id='line_1_42' title="bbox 628 1843 1158 1885; baseline 0.002 -10"><span class='ocrx_word' id='word_1_150' title='bbox 628 1843 822 1876; x_wconf 80' lang='lat' dir='ltr'>Secunda</span> <span class='ocrx_word' id='word_1_151' title='bbox 847 1843 1158 1885; x_wconf 79' lang='lat' dir='ltr'>Quinquagena.</span> 
     </span>
     <span class='ocr_line' id='line_1_43' title="bbox 281 1910 1246 1953; baseline 0.001 -10"><span class='ocrx_word' id='word_1_152' title='bbox 281 1911 311 1943; x_wconf 93' lang='lat'>1.</span> <span class='ocrx_word' id='word_1_153' title='bbox 337 1910 419 1951; x_wconf 88' lang='lat' dir='ltr'>Ave,</span> <span class='ocrx_word' id='word_1_154' title='bbox 447 1910 498 1941; x_wconf 84' lang='lat' dir='ltr'>eui</span> <span class='ocrx_word' id='word_1_155' title='bbox 1026 1911 1165 1953; x_wconf 80' lang='lat' dir='ltr'>Segrega</span> <span class='ocrx_word' id='word_1_156' title='bbox 1188 1921 1246 1944; x_wconf 89' lang='lat' dir='ltr'>nos</span> 
     </span>
     <span class='ocr_line' id='line_1_44' title="bbox 385 1958 1332 2000; baseline 0.003 -10"><span class='ocrx_word' id='word_1_157' title='bbox 385 1967 445 1990; x_wconf 83' lang='lat' dir='ltr'>nee</span> <span class='ocrx_word' id='word_1_158' title='bbox 470 1967 551 1991; x_wconf 85' lang='lat' dir='ltr'>vana</span> <span class='ocrx_word' id='word_1_159' title='bbox 576 1958 679 1998; x_wconf 89' lang='lat' dir='ltr'>gloria</span> <span class='ocrx_word' id='word_1_160' title='bbox 1072 1959 1112 1992; x_wconf 86' lang='lat' dir='ltr'>ab</span> <span class='ocrx_word' id='word_1_161' title='bbox 1137 1959 1332 2000; x_wconf 87' lang='lat' dir='ltr'>infidelibus,</span> 
     </span>
     <span class='ocr_line' id='line_1_45' title="bbox 340 2006 1344 2050; baseline 0.003 -12"><span class='ocrx_word' id='word_1_162' title='bbox 340 2006 532 2039; x_wconf 83' lang='lat' dir='ltr'>Dominatur</span> <span class='ocrx_word' id='word_1_163' title='bbox 1024 2009 1110 2049; x_wconf 77' lang='lat' dir='ltr'>Quae</span> <span class='ocrx_word' id='word_1_164' title='bbox 1133 2009 1195 2041; x_wconf 86' lang='lat' dir='ltr'>hoe</span> <span class='ocrx_word' id='word_1_165' title='bbox 1219 2008 1344 2050; x_wconf 80' lang='lat' dir='ltr'>fingunt</span> 
     </span>
     <span class='ocr_line' id='line_1_46' title="bbox 386 2054 1388 2097; baseline 0.007 -11"><span class='ocrx_word' id='word_1_166' title='bbox 386 2063 491 2095; x_wconf 87' lang='lat' dir='ltr'>neque</span> <span class='ocrx_word' id='word_1_167' title='bbox 510 2054 641 2097; x_wconf 83' lang='lat' dir='ltr'>malitia,</span> <span class='ocrx_word' id='word_1_168' title='bbox 1074 2057 1114 2090; x_wconf 90' lang='lat' dir='ltr'>de</span> <span class='ocrx_word' id='word_1_169' title='bbox 1138 2058 1204 2090; x_wconf 87' lang='lat' dir='ltr'>suis</span> <span class='ocrx_word' id='word_1_170' title='bbox 1227 2058 1388 2093; x_wconf 78' lang='lat' dir='ltr'>cordibus,</span> 
     </span>
     <span class='ocr_line' id='line_1_47' title="bbox 340 2103 1199 2158; baseline -0.003 -23"><span class='ocrx_word' id='word_1_171' title='bbox 340 2103 401 2144; x_wconf 86' lang='lat' dir='ltr'>Da,</span> <span class='ocrx_word' id='word_1_172' title='bbox 427 2106 465 2135; x_wconf 82' lang='lat' dir='ltr'>ut</span> <span class='ocrx_word' id='word_1_173' title='bbox 487 2103 592 2145; x_wconf 84' lang='lat' dir='ltr'>prosit</span> <span class='ocrx_word' id='word_1_174' title='bbox 648 2151 655 2157; x_wconf 94' lang='lat'>.</span> <span class='ocrx_word' id='word_1_175' title='bbox 970 2126 988 2158; x_wconf 85' lang='lat'><strong>3</strong></span> <span class='ocrx_word' id='word_1_176' title='bbox 1025 2126 1097 2157; x_wconf 68' lang='lat' dir='ltr'>Ave</span> <span class='ocrx_word' id='word_1_177' title='bbox 1133 2135 1163 2157; x_wconf 81' lang='lat' dir='ltr'><strong>m</strong></span> <span class='ocrx_word' id='word_1_178' title='bbox 1185 2128 1199 2158; x_wconf 61' lang='lat' dir='ltr'>t</span> 
     </span>
     <span class='ocr_line' id='line_1_48' title="bbox 388 2135 1260 2207; baseline -0.003 -24"><span class='ocrx_word' id='word_1_179' title='bbox 388 2152 461 2192; x_wconf 88' lang='lat' dir='ltr'>plus</span> <span class='ocrx_word' id='word_1_180' title='bbox 484 2155 540 2183; x_wconf 85' lang='lat' dir='ltr'>tua</span> <span class='ocrx_word' id='word_1_181' title='bbox 564 2153 719 2191; x_wconf 79' lang='lat' dir='ltr'>aequitas,</span> <span class='ocrx_word' id='word_1_182' title='bbox 994 2152 1001 2158; x_wconf 86' lang='lat'><em>&#39;</em></span> <span class='ocrx_word' id='word_1_183' title='bbox 1073 2150 1106 2206; x_wconf 77' lang='lat' dir='ltr'>D’</span> <span class='ocrx_word' id='word_1_184' title='bbox 1126 2174 1133 2180; x_wconf 95' lang='lat'>.</span> <span class='ocrx_word' id='word_1_185' title='bbox 1166 2135 1260 2207; x_wconf 42' lang='lat' dir='ltr'>ahssfi</span> 
     </span>
     <span class='ocr_line' id='line_1_49' title="bbox 341 2183 1310 2255; baseline -0.004 -23"><span class='ocrx_word' id='word_1_186' title='bbox 341 2200 441 2240; x_wconf 83' lang='lat' dir='ltr'>Quam</span> <span class='ocrx_word' id='word_1_187' title='bbox 466 2208 582 2232; x_wconf 87' lang='lat' dir='ltr'>nocere</span> <span class='ocrx_word' id='word_1_188' title='bbox 1026 2223 1065 2255; x_wconf 72' lang='lat' dir='ltr'>In</span> <span class='ocrx_word' id='word_1_189' title='bbox 1089 2183 1196 2255; x_wconf 45' lang='lat' dir='ltr'>nilmssn</span> <span class='ocrx_word' id='word_1_190' title='bbox 1225 2185 1237 2206; x_wconf 74' lang='lat'>¹</span> <span class='ocrx_word' id='word_1_191' title='bbox 1262 2184 1310 2217; x_wconf 67' lang='lat'>⁰²⁷</span> 
     </span>
     <span class='ocr_line' id='line_1_50' title="bbox 386 2232 1336 2305; baseline -0.002 -25"><span class='ocrx_word' id='word_1_192' title='bbox 386 2248 491 2289; x_wconf 77' lang='lat' dir='ltr'>possit</span> <span class='ocrx_word' id='word_1_193' title='bbox 513 2247 675 2288; x_wconf 77' lang='lat' dir='ltr'>iniquit-as,</span> <span class='ocrx_word' id='word_1_194' title='bbox 1077 2271 1164 2304; x_wconf 69' lang='lat' dir='ltr'>cuius</span> <span class='ocrx_word' id='word_1_195' title='bbox 1189 2232 1336 2305; x_wconf 30' lang='lat' dir='ltr'>salvifica</span> 
     </span>
     <span class='ocr_line' id='line_1_51' title="bbox 282 2317 1234 2357; baseline 0.004 -7"><span class='ocrx_word' id='word_1_196' title='bbox 282 2319 313 2351; x_wconf 83' lang='lat'>2.</span> <span class='ocrx_word' id='word_1_197' title='bbox 339 2317 421 2357; x_wconf 85' lang='lat' dir='ltr'>Ave,</span> <span class='ocrx_word' id='word_1_198' title='bbox 448 2325 529 2356; x_wconf 87' lang='lat' dir='ltr'>quae</span> <span class='ocrx_word' id='word_1_199' title='bbox 553 2325 616 2348; x_wconf 91' lang='lat' dir='ltr'>non</span> <span class='ocrx_word' id='word_1_200' title='bbox 1029 2319 1234 2354; x_wconf 85' lang='lat' dir='ltr'>Confidentes</span> 
     </span>
     <span class='ocr_line' id='line_1_52' title="bbox 390 2364 1347 2403; baseline -0.002 -7"><span class='ocrx_word' id='word_1_201' title='bbox 390 2365 473 2396; x_wconf 87' lang='lat' dir='ltr'>sicut</span> <span class='ocrx_word' id='word_1_202' title='bbox 496 2364 655 2396; x_wconf 87' lang='lat' dir='ltr'>inereduli</span> <span class='ocrx_word' id='word_1_203' title='bbox 1075 2368 1110 2400; x_wconf 71' lang='lat' dir='ltr'>in</span> <span class='ocrx_word' id='word_1_204' title='bbox 1134 2369 1198 2401; x_wconf 54' lang='grc' dir='ltr'>ωε</span> <span class='ocrx_word' id='word_1_205' title='bbox 1223 2370 1347 2403; x_wconf 64' lang='lat' dir='ltr'>viribus</span> 
     </span>
     <span class='ocr_line' id='line_1_53' title="bbox 341 2415 1202 2454; baseline 0 -5"><span class='ocrx_word' id='word_1_206' title='bbox 341 2415 446 2449; x_wconf 83' lang='lat' dir='ltr'>Deum</span> <span class='ocrx_word' id='word_1_207' title='bbox 470 2422 567 2454; x_wconf 83' lang='lat' dir='ltr'>negas</span> <span class='ocrx_word' id='word_1_208' title='bbox 1027 2417 1072 2450; x_wconf 85' lang='lat' dir='ltr'>Et</span> <span class='ocrx_word' id='word_1_209' title='bbox 1095 2420 1202 2450; x_wconf 78' lang='lat' dir='ltr'>statue</span> 
     </span>
    </p>
   </div>
   <div class='ocr_carea' id='block_1_4' title="bbox 390 2462 699 2501">
    <p class='ocr_par' dir='ltr' id='par_1_4' title="bbox 390 2462 699 2501">
     <span class='ocr_line' id='line_1_54' title="bbox 390 2462 699 2501; baseline 0 -7"><span class='ocrx_word' id='word_1_210' title='bbox 390 2463 546 2498; x_wconf 84' lang='lat' dir='ltr'>faetorem</span> <span class='ocrx_word' id='word_1_211' title='bbox 570 2462 699 2501; x_wconf 76' lang='lat' dir='ltr'>saeculi,</span> 
     </span>
    </p>
   </div>
   <div class='ocr_carea' id='block_1_5' title="bbox 1078 2466 1403 2499">
    <p class='ocr_par' dir='ltr' id='par_1_5' title="bbox 1078 2466 1403 2499">
     <span class='ocr_line' id='line_1_55' title="bbox 1078 2466 1403 2499; baseline 0.006 -2"><span class='ocrx_word' id='word_1_212' title='bbox 1078 2474 1149 2498; x_wconf 89' lang='lat' dir='ltr'>cum</span> <span class='ocrx_word' id='word_1_213' title='bbox 1172 2466 1403 2499; x_wconf 65' lang='lat' dir='ltr'>iudicantibus</span> 
     </span>
    </p>
   </div>
  </div>
 </body>
</html>
