1655 2726
714 128 972 164 -252—

211 324 245 357 1.
260 323 383 364 Gaude,
410 326 517 358 Iesum
543 324 591 356 sic
615 323 757 357 adfaris:

260 372 342 405 Care
366 371 413 405 fili
439 372 621 415 singularis,

310 421 386 461 Quls
412 425 446 453 te
470 430 533 454 non
561 419 735 463 diligeret?

215 500 246 531 2.
263 498 385 537 Gaude,
412 499 520 532 Iesum
544 507 619 530 nam
645 498 805 540 pectendo

261 546 407 579 Gaudes:
432 552 517 588 nate,
541 546 621 587 quiS,
651 548 799 588 dicendo,

308 595 355 627 Te
380 604 399 627 a
423 605 475 627 me
502 594 689 628 divideret?

216 674 247 706 3.
265 671 388 715 Gaude,
415 674 522 706 Iesum
547 672 707 705 adorabas

259 720 305 752 Et
331 721 372 753 de
398 729 434 754 eo
460 721 602 753 satiabas

308 769 356 801 Te
379 768 448 802 Deo
476 773 508 802 et
532 769 671 804 homine.

213 848 246 879 4.
262 845 385 888 Gaude,
412 847 519 879 Iesum
544 846 628 878 lecto
653 848 754 887 levaS,

261 894 410 927 Membra
436 895 524 927 cuius
548 903 631 935 aqua
657 896 746 928 lavas

310 942 418 975 Nimia
444 943 624 976 dulcedine.

218 1021 249 1054 5.
265 1019 387 1058 Gaude,
415 1021 521 1053 Iesum
548 1019 710 1060 spoliabas

260 1067 305 1099 Et
330 1068 362 1099 in
387 1067 470 1100 lecto
497 1067 688 1109 collocabas,

311 1115 426 1149 cordis
452 1116 497 1147 tui
523 1115 684 1156 gaudium.

911 325 943 357 6.
959 323 1084 366 Gaude,
1112 328 1243 357 cunctos
1266 328 1402 366 propter
1419 329 1521 367 actus,

960 372 1033 405 Pios
1060 376 1253 413 sanctosque
1279 376 1444 406 contactus

1006 420 1094 462 Erga
1120 421 1167 453 tui
1191 420 1304 454 filium.

907 500 938 532 7.
955 498 1078 537 Gaude,
1106 499 1211 532 Iesum
1237 500 1415 540 genitorem

958 547 1061 579 Vocas
1085 548 1181 581 modo
1208 550 1396 589 creatorem,

1004 595 1105 629 Modo
1132 596 1258 628 dulcem
1283 594 1394 630 filium.

906 673 937 706 8.
955 672 1078 716 Gaude,
1106 675 1206 715 virgo,
1233 673 1328 706 stella
1352 673 1460 715 maris,

952 721 1021 753 Tuo
1047 725 1122 754 nato
1147 731 1221 754 nam
1246 721 1353 754 bearis

1001 769 1060 802 Pie
1083 770 1200 811 linguis
1225 770 1374 803 omnium.

907 847 939 879 9.
955 845 1079 888 Gaude,
1105 847 1196 887 virgo
1222 847 1378 890 speciosa,

954 894 1006 926 De
1030 897 1064 926 te
1087 903 1224 935 namque
1248 895 1391 935 gloriosa

1001 942 1099 975 Dicta
1122 946 1197 975 sunt
1221 942 1262 974 ab
1289 943 1444 977 omnibus.

882 1020 937 1055 10.
953 1019 1075 1062 Gaude,
1105 1020 1232 1052 domum
1256 1028 1290 1051 es
1315 1024 1445 1053 revecta

952 1068 982 1099 A
1007 1068 1126 1108 Ioseph
1153 1076 1222 1099 cum
1247 1067 1322 1100 Iesu
1347 1069 1433 1101 laeta

999 1115 1051 1147 Ex
1075 1116 1216 1157 Aegypti
1242 1114 1369 1150 finibus,

535 1192 591 1225 11.
607 1193 666 1225 Pia
690 1195 803 1231 mater,
828 1192 944 1231 pietati

607 1239 797 1272 Studeamus
822 1241 870 1272 tui
894 1240 963 1272 nati

654 1288 848 1321 Collaudare
872 1288 1014 1321 vocibuS.

258 1529 360 1561 Laeta
385 1530 478 1561 nimis
502 1529 654 1561 invenisti

305 1578 344 1610 In
371 1577 536 1610 doctorum
561 1576 678 1610 medio.

209 1657 241 1688 2.
257 1654 380 1697 Gaude,
406 1657 482 1687 nato
506 1657 541 1685 tu
566 1654 695 1686 dixisti:

257 1702 333 1741 Fili,
360 1703 453 1734 nobis
479 1702 556 1743 quid
582 1700 710 1735 fecisti?

307 1750 361 1783 Sic
386 1751 567 1791 astringens
592 1749 735 1783 brachio.

210 1830 241 1862 3.
258 1828 380 1868 Gaude,
407 1832 512 1860 tecum
537 1829 664 1860 domum
690 1828 787 1869 redit,

255 1876 329 1908 Tibi
354 1877 503 1917 patrique
528 1875 637 1908 obedit

304 1924 416 1957 Dulcis
441 1926 489 1957 tui
513 1923 609 1957 filius.

207 2004 240 2035 4.
257 2002 380 2042 Gaude,
407 2006 495 2034 tuum
523 2011 577 2034 cor
604 2001 754 2041 laetatur,

253 2050 387 2090 Quando
412 2051 502 2083 Iesus
528 2049 691 2083 fabulatur

301 2098 432 2142 Tecum,
458 2099 558 2139 virgo,
587 2098 723 2131 dulcius.

209 2178 240 2211 5.
257 2176 379 2215 Gaude,
406 2177 508 2218 virgo,
536 2175 735 2208 conversaris

252 2225 361 2265 Atque
384 2225 528 2266 gaudens
553 2224 728 2266 hospitaris

302 2272 379 2305 (him
404 2276 470 2305 tam
497 2272 585 2305 dulci
609 2271 686 2305 filio.

815 1403 875 1437 XI.

214 1482 246 1515 1.
262 1480 385 1521 Gaude,
404 1482 521 1523 Iesum,
543 1489 635 1521 quem
654 1480 817 1522 quaesisti,

902 1481 934 1513 6.
950 1479 1073 1520 Gaude,
1100 1481 1203 1522 virgo,
1232 1483 1330 1515 corde
1347 1485 1414 1522 tuo,

948 1528 996 1560 Te
1020 1528 1157 1561 honorat
1180 1530 1271 1562 Iesus
1297 1540 1354 1563 suo

997 1576 1118 1609 Humili
1143 1578 1287 1610 servitio.

902 1655 932 1686 7.
949 1652 1073 1696 Gaude,
1101 1655 1219 1695 Ioseph
1242 1655 1431 1688 lacrimatur

947 1701 994 1734 Ob
1022 1701 1197 1745 dulcorem,
1225 1703 1300 1736 dum
1326 1703 1458 1737 adfatur

995 1750 1098 1782 Tuum
1125 1751 1250 1783 dulcem
1277 1750 1388 1786 filium.

903 1829 933 1861 8.
951 1826 1075 1869 Gaude,
1102 1829 1230 1869 Ioseph,
1257 1838 1393 1869 sponsus
1418 1831 1478 1873 tui,

945 1876 1029 1917 Iesu,
1055 1876 1116 1908 tibi
1141 1886 1265 1918 quoque
1288 1880 1335 1911 sui

993 1924 1164 1957 Praestitit
1189 1925 1386 1967 obsequium.

900 2002 932 2035 9.
949 2001 1073 2045 Gaude,
1101 2003 1176 2034 licet
1202 2004 1337 2037 viduata

943 2049 1053 2082 Morte
1077 2051 1206 2092 Ioseph,
1236 2054 1401 2086 consolata

991 2097 1037 2130 Es
1063 2108 1082 2131 a
1109 2099 1196 2132 dulci
1220 2099 1300 2135 filio.

876 2175 931 2209 10.
947 2174 1070 2215 Gaude,
1096 2177 1186 2210 Iesus
1211 2187 1296 2219 aqua
1319 2186 1444 2212 merum

946 2223 993 2255 Te
1018 2227 1151 2264 optante
1176 2225 1255 2258 fecit
1280 2236 1390 2261 verum

993 2272 1101 2306 Primo
1126 2284 1185 2315 pro
1210 2276 1370 2318 prodigio.

525 2350 582 2383 11.
597 2349 658 2382 Pia
682 2351 795 2387 mater,
821 2358 879 2381 nos
904 2348 1057 2391 ingratos,

598 2397 709 2439 Gulpis
734 2396 844 2429 multis
870 2397 1064 2438 adgravatos

646 2446 776 2480 Cruciet
798 2445 960 2480 contritio.
