1655 2726
282 250 338 282 23.

282 665 337 696 24.

283 1076 337 1108 25.

284 1486 339 1518 26.

285 1899 341 1930 27.

286 2312 342 2344 28.

366 249 446 291 Ave,
473 252 572 292 casta,

411 300 524 338 potens
551 300 584 330 et
603 298 726 340 inclita,

366 345 454 385 Quae
478 346 604 387 fregisti

413 393 561 427 draconis
588 394 704 435 capita,

364 441 446 473 Nam
470 442 604 475 tumoris

413 490 544 523 calcasti
569 490 693 531 vilium,

366 538 456 577 Quod
480 539 606 579 peccati

411 584 474 618 fuit
496 587 632 621 initium.

364 663 444 703 Ave,
472 666 584 704 mater,

411 711 501 752 virgo
525 714 693 752 perpetua,

366 760 573 792 Peccatorum

416 806 581 847 confringe
607 814 735 847 cornua,

365 855 423 893 Qui
448 864 511 887 non
538 857 664 886 cessant

412 901 521 943 inique
546 911 641 942 agere

365 950 410 982 Et
434 949 467 982 in
493 951 592 982 altum

413 1006 510 1030 cornu
536 997 700 1032 extollere.

364 1075 443 1117 Ave,
470 1075 582 1106 mundi

411 1123 523 1155 sordes
549 1122 725 1165 eliminans,

366 1171 403 1202 ln
430 1172 462 1200 te
485 1171 591 1202 lumen

412 1218 564 1250 mundum
589 1217 773 1249 illuminans

366 1265 418 1297 Ab
445 1266 582 1297 aeternis

416 1313 584 1345 descendit
606 1313 776 1353 montibus,

365 1360 411 1393 Ut
434 1361 468 1392 in
493 1361 610 1393 nostris

413 1409 537 1440 luceret
561 1408 709 1441 vallibus.

365 1484 445 1524 Ave,
471 1494 533 1525 per
557 1494 650 1525 quam

411 1531 449 1564 fit
470 1536 547 1565 nota
572 1533 699 1574 populis

364 1580 426 1612 Dei
452 1582 553 1613 virtus

415 1637 545 1661 manens
569 1630 602 1661 in
627 1629 774 1672 saeculis,

366 1677 403 1708 In
427 1685 489 1716 qua
513 1680 606 1717 pater

414 1725 559 1757 extendit
582 1725 746 1757 brachium

367 1770 500 1804 Salvans
524 1772 620 1805 Iacob

415 1821 448 1850 et
471 1820 588 1860 ioseph
613 1819 724 1852 filium.

370 1897 449 1934 Ave,
476 1900 573 1936 terra,

415 1952 497 1984 quae
521 1953 638 1977 manna
663 1945 815 1976 caelicum

370 1993 555 2033 Suscepisti,

416 2049 531 2081 panem
556 2039 742 2081 angelicum,

368 2089 415 2122 Ut
439 2088 473 2121 in
497 2088 592 2120 terris

415 2136 509 2169 homo
537 2138 728 2178 comederet,

369 2185 420 2217 Ne
443 2185 478 2217 iu
503 2185 555 2218 via

416 2233 503 2266 vitae
530 2232 691 2267 deficeret.

369 2311 450 2352 Ave,
476 2310 555 2344 felix

415 2359 500 2392 inter
524 2359 686 2401 mulieres,

369 2407 473 2440 Nimis
497 2407 576 2440 facti

417 2465 524 2489 sumus
549 2459 586 2489 ut
609 2465 779 2500 pauperes,

1052 250 1116 282 Sed
1141 252 1186 293 tu,
1214 249 1315 288 dive-s,

1099 307 1119 330 a
1142 299 1246 330 morte
1271 295 1395 328 animae

1053 346 1191 387 Propter
1215 353 1329 377 nomen

1099 398 1188 426 tuum
1212 402 1270 426 nos
1295 391 1428 424 redime.

969 472 1024 505 29.
1051 471 1132 512 Ave,
1158 470 1252 503 radix

1099 519 1194 560 vitae,
1222 526 1303 558 quae
1327 514 1476 556 palmites

1052 567 1104 600 Ad
1130 570 1288 598 terrarum

1100 614 1246 646 extendit
1269 612 1398 653 limites,

1050 664 1149 703 Quam
1175 661 1305 694 humani

1100 710 1231 743 cultoris
1257 717 1357 750 opera

1051 759 1123 791 Non
1149 757 1318 800 plantavit,

1098 807 1156 839 sed
1180 806 1245 840 Dei
1273 806 1415 837 dextera.

969 884 1024 917 30.
1051 885 1132 925 Ave,
1157 884 1221 924 pia,

1098 940 1179 972 quae
1202 933 1347 963 nostrum
1372 928 1524 969 gravibus

1052 979 1235 1012 Sublevasti

1100 1028 1228 1060 dorsum
1254 1025 1414 1068 oneribus,

1051 1075 1101 1107 Ne
1125 1076 1189 1107 iam
1213 1078 1344 1107 nostrae

1098 1132 1210 1155 manus
1236 1123 1269 1154 in
1296 1122 1432 1162 cophino

1051 1170 1123 1203 Sint
1147 1171 1280 1203 serviles

1097 1219 1240 1259 Aegypti
1267 1218 1404 1251 domino.

967 1295 1023 1329 31.
1050 1297 1130 1339 Ave,
1157 1298 1262 1328 mater

1097 1344 1205 1385 magni
1230 1344 1365 1387 consilii,

1049 1393 1113 1425 Per
1138 1402 1233 1434 quam

1098 1450 1206 1472 sumus
1233 1440 1338 1472 effecti
1364 1439 1423 1473 filii

1049 1489 1095 1521 Et
1121 1489 1252 1521 deorum

1099 1536 1204 1569 effecti
1227 1538 1358 1581 similes,

1051 1585 1110 1625 Qui
1136 1594 1262 1618 eramus

1100 1634 1186 1667 servi
1212 1635 1361 1670 odibiles,

967 1712 1022 1744 32.
1049 1712 1130 1755 Ave,
1157 1713 1248 1753 virgo

1098 1761 1241 1800 prudens
1267 1764 1300 1793 et
1324 1762 1465 1806 humilis,

1054 1807 1111 1840 Cui
1136 1810 1243 1842 nullus
1270 1813 1318 1842 est

1099 1859 1155 1888 aut
1180 1859 1244 1889 erit
1267 1859 1393 1901 similis,

1051 1903 1170 1937 Hostes
1195 1904 1280 1950 fuga,

1101 1953 1155 1991 qui
1180 1952 1296 1987 fraude
1318 1957 1419 1990 nimia

1052 1998 1273 2040 Malignantur

1100 2047 1134 2078 in
1159 2058 1216 2081 nos
1241 2052 1383 2085 consilia.

972 2122 1028 2154 33.
1054 2122 1135 2163 Ave,
1162 2125 1257 2158 nidus

1104 2174 1136 2202 et
1162 2172 1272 2206 domus
1299 2178 1450 2221 passeris,

1057 2218 1118 2256 Qui
1142 2220 1184 2252 ad
1209 2222 1306 2254 ritum

1103 2270 1270 2308 praecepti
1295 2272 1414 2304 veteris

1057 2313 1223 2347 Immolari

1104 2371 1164 2401 pro
1186 2363 1253 2395 illis
1279 2366 1390 2410 voluit,

1058 2410 1267 2443 Peccatorum

1107 2468 1185 2499 quos
1210 2460 1304 2500 lepra
1328 2463 1455 2503 polluit.
