1655 2726
752 159 795 163 —
849 137 918 173 112

265 264 272 271 .
300 238 392 270 Dixit
415 236 570 277 insipiens
595 245 738 267 rursum:

300 286 335 318 Si
346 286 444 319 morti
456 294 525 317 sum
540 284 676 328 dandus,
694 292 750 315 cur
763 286 854 316 sum?

348 334 418 374 Vel,
442 341 501 366 vae
516 332 606 372 mihi,
624 331 688 363 iam
708 332 854 373 despero,

301 382 368 414 Iam
394 390 480 414 mors
505 381 629 412 leonem
655 381 706 412 vel
731 389 839 412 ursum

300 430 435 462 Mittens
459 428 538 460 mihi
564 429 649 460 vitae
673 437 799 460 cursum

348 478 456 510 Tollat
481 486 551 508 cum
577 476 700 516 impetu
725 475 805 510 fero.

303 526 327 559 O
354 525 452 565 fatue,
478 524 585 556 nullus
610 533 681 556 sero

301 574 472 606 Paenitens
498 571 613 605 affectu
637 581 725 604 mero

347 622 465 654 Elevat
489 621 597 652 oeulos
622 629 757 660 sursum,

300 669 383 702 Nam
407 672 452 709 tu,
478 668 577 708 Deus,
603 668 637 699 in
663 677 723 708 quo
749 677 843 708 spero

300 717 346 750 Et
368 718 400 749 in
428 725 519 758 quem
545 725 633 756 spem
656 725 758 748 meam
776 715 855 756 fero,

349 765 482 806 Semper
506 765 595 796 venis
621 765 655 796 in
679 773 855 797 occursum.

266 868 273 875 .
300 842 398 882 Deus,
424 842 458 874 in
483 841 611 873 nomine
635 843 689 873 tuo

301 890 431 922 Salvum
455 898 507 922 me
531 887 584 920 fac
607 892 763 929 perpetuo

346 938 530 971 Orationem
555 937 699 977 audiens,

302 986 385 1018 Nam
413 986 475 1018 sibi
500 993 596 1026 posse
619 985 727 1017 tribuo

303 1034 348 1066 Et
370 1034 454 1066 hanc
478 1042 537 1072 pro
561 1041 613 1064 me
638 1033 795 1065 constituo

350 1081 607 1115 Procuratricem
632 1079 770 1121 faciens3

303 1130 356 1162 Ad
380 1132 414 1161 te
439 1129 538 1161 vadat
561 1138 624 1161 non
649 1129 788 1168 rediens,

303 1177 415 1210 Donec
439 1180 599 1216 tamquam
624 1176 726 1208 bonus
752 1177 850 1208 cliens

352 1225 509 1265 Reportet
532 1225 565 1256 in
592 1224 663 1257 sinu
688 1234 744 1257 suo

304 1273 402 1314 Illud,
429 1272 514 1313 quod
541 1275 590 1303 est
614 1273 788 1312 expediens

305 1321 364 1352 Vel
390 1320 475 1361 quod
500 1320 601 1361 magis
627 1321 816 1353 conveniens

351 1369 433 1401 Mihi
458 1371 578 1400 virtute
600 1377 709 1401 vacuo.

269 1473 274 1478 .
301 1446 440 1486 Exaudi,
468 1444 564 1487 Deus,
593 1448 735 1476 orantem

302 1494 358 1526 Me
383 1494 505 1534 tibique
529 1493 773 1535 supplicantem,

351 1542 528 1574 Turbatum
553 1549 633 1573 voce
657 1541 805 1581 hostium,

303 1590 430 1622 Pennas
458 1589 537 1620 dans
563 1588 615 1620 fac
631 1597 682 1620 me
699 1590 857 1621 volantem

305 1638 350 1671 Ut
375 1636 552 1670 columbam
579 1637 778 1677 elongantem

354 1686 458 1718 Maris
483 1685 594 1717 mundi
618 1683 839 1726 naufragium3

303 1734 407 1774 Aperi
432 1741 527 1766 arcae
552 1733 666 1764 ostium

303 1782 492 1815 Extendens
516 1781 595 1812 mihi
620 1781 784 1812 brachium

351 1830 405 1863 Ad
419 1829 608 1862 salvandum
617 1828 858 1869 naufragantem

304 1878 350 1911 Et
373 1879 476 1911 redde
500 1880 532 1908 te
556 1877 634 1908 mihi
658 1878 746 1918 pium

305 1927 383 1960 Post
406 1924 567 1966 naufragii
592 1926 733 1957 taedium

350 1975 404 2007 Ad
414 1974 528 2007 stolam
537 1974 673 2014 primam
682 1977 857 2006 vocantem.

267 2090 274 2098 .
301 2063 459 2095 Miserere
482 2061 555 2100 mei,
584 2061 657 2100 quia

302 2111 408 2143 Multa
432 2109 510 2142 mihi
536 2111 610 2140 sunt
632 2109 756 2149 proelia

349 2159 576 2191 Perversorum
601 2157 801 2197 bellantium,

303 2207 476 2241 Conculcat
502 2214 553 2237 me
577 2205 698 2237 malitia

300 2256 421 2289 Eorum
449 2257 481 2287 et
505 2253 658 2294 superbia

350 2305 398 2338 Ut
422 2305 522 2336 lutum
549 2301 801 2342 transeuntium;

302 2353 368 2386 Sed
393 2353 422 2384 si
446 2360 504 2393 pro
530 2354 563 2383 te
588 2350 796 2391 opprobrium

301 2401 412 2434 Patior
437 2400 489 2432 vel
513 2399 700 2437 convicium,

349 2450 486 2490 Magnus
511 2457 544 2480 es
569 2449 602 2480 in
627 2447 773 2488 potentia

982 236 1027 269 Et
1050 239 1083 268 te
1107 237 1232 277 patrem
1257 231 1431 273 propitium

984 285 1023 317 111
1047 285 1168 316 lumine
1190 281 1365 314 viventium
1464 325 1471 332 Ι

1033 333 1234 365 Reddentem
1262 329 1505 369 complacentia.

931 402 944 410 ⁵
951 427 958 433 .
985 400 1153 440 Miserere,
1178 399 1332 430 miserere

983 448 1060 488 Mei,
1088 448 1186 488 DeuS,
1213 446 1289 487 quia
1310 453 1386 476 vere

1032 496 1070 527 In
1096 499 1129 528 te
1155 493 1288 527 confidit
1311 493 1426 534 anima,

987 543 1051 576 Sub
1077 545 1199 576 alarum
1225 541 1340 574 umbra
1364 548 1439 581 gere

988 591 1104 624 Curam
1128 591 1191 624 mei
1216 593 1249 622 et
1272 598 1323 621 me
1349 596 1466 629 quaere

1035 640 1113 673 Cum
1136 640 1230 679 lapsa
1248 637 1402 669 drachma
1421 636 1544 668 decima

985 688 1040 728 Et,
1068 689 1096 719 si
1121 686 1224 720 factus
1251 695 1284 718 es
1309 686 1440 717 victima

987 737 1049 769 Pro
1075 745 1134 768 ove
1157 734 1364 775 nonagesima

1034 784 1138 823 Nona,
1165 783 1228 815 iam
1253 791 1305 814 me
1329 784 1364 813 tu
1388 784 1479 813 tuere

985 833 1017 864 A
1041 833 1162 872 sagitta
1183 830 1388 871 nequissima,

987 880 1111 920 Lingua
1134 879 1295 912 hominum
1323 878 1472 918 pessima,

1034 929 1122 968 Quae
1144 927 1249 960 latens
1274 926 1376 958 nescit
1401 926 1514 958 latere.

953 1011 961 1019 .
988 985 1021 1018 Si
1048 994 1125 1018 vere
1148 985 1260 1025 utique
1283 992 1432 1024 quaeram

988 1034 1044 1075 Te,
1071 1032 1217 1071 Domine,
1244 1035 1349 1064 tecum
1375 1030 1475 1064 feram

1036 1081 1201 1114 Patienter
1225 1080 1359 1111 iniurias

988 1129 1033 1161 Et
1055 1130 1119 1161 iam
1144 1127 1228 1171 fiam,
1257 1128 1342 1168 quod
1365 1137 1427 1160 non
1447 1137 1544 1169 eram,

988 1177 1051 1209 Per
1076 1176 1264 1217 patientiam
1288 1184 1395 1207 veram

1036 1224 1228 1257 Sustinendo
1253 1224 1399 1255 miserias

989 1273 1042 1309 Et,
1068 1274 1096 1304 si
1121 1277 1155 1305 tu
1180 1272 1308 1304 adiutor
1331 1270 1400 1310 fias,

990 1320 1077 1352 Deus
1101 1329 1199 1363 meus,
1228 1323 1260 1352 et
1283 1318 1395 1361 facias,

1039 1369 1129 1408 Quod
1143 1372 1176 1400 te
1187 1371 1223 1399 ut
1235 1368 1413 1400 burdonem
1426 1377 1546 1410 geram,

988 1417 1040 1449 Ita
1063 1417 1177 1457 loquar
1201 1416 1340 1448 iustitias

988 1465 1024 1497 In
1051 1464 1188 1497 tenendo
1214 1467 1318 1496 rectas
1344 1465 1425 1506 vias,

1036 1513 1126 1552 Quod
1165 1521 1227 1544 non
1269 1512 1405 1553 perdam
1445 1523 1547 1546 meam

1317 1569 1439 1601 peram.

954 1644 961 1651 .
986 1618 1088 1658 Eripe
1111 1626 1163 1650 me
1188 1620 1220 1649 et
1244 1618 1358 1659 libera,

988 1667 1135 1710 Domine,
1160 1666 1201 1698 de
1225 1665 1384 1706 pestifera

1038 1714 1133 1747 Secta
1157 1715 1300 1746 virorum
1325 1717 1526 1758 sanguinum,

989 1762 1041 1794 De
1064 1771 1226 1795 venenosa
1247 1763 1369 1805 vipera,

989 1811 1115 1851 Lingua
1137 1819 1285 1853 nequam,
1311 1811 1481 1845 mortifera

1036 1859 1282 1900 Malignantium
1305 1860 1485 1902 hominum,

990 1908 1040 1940 Tu
1064 1906 1176 1939 mortis
1203 1910 1277 1940 ante
1299 1909 1472 1942 terminum

989 1955 1058 1987 Fac
1082 1965 1133 1987 me
1157 1964 1252 1987 nosse
1276 1959 1309 1988 te
1334 1957 1509 1991 Dominum

1037 2004 1234 2044 Regnantem
1260 2013 1360 2045 supra
1384 2007 1503 2048 sidera,

991 2051 1130 2092 Purgato
1156 2051 1230 2083 labe
1256 2053 1423 2086 criminum

990 2099 1191 2132 Reddentem
1217 2104 1335 2133 statum
1361 2103 1534 2143 pristinum

1037 2148 1082 2180 Et
1106 2152 1314 2182 renovantem
1339 2149 1484 2187 foedera.

956 2233 963 2240 .
991 2206 1088 2246 Deus,
1115 2206 1286 2247 reppulisti
1311 2209 1416 2249 primo

990 2254 1057 2286 Nos
1081 2253 1219 2287 infectos
1244 2253 1341 2289 foedo
1366 2258 1444 2291 limo

1039 2302 1168 2336 Peccati
1199 2303 1373 2349 originalis,

990 2351 1056 2383 Sed
1080 2352 1231 2384 misertus
1258 2361 1291 2384 es
1316 2354 1429 2387 ultimo

991 2399 1136 2433 Lavacro
1162 2408 1220 2431 nos
1246 2403 1449 2436 sanctissimo

1038 2449 1200 2482 Mundans
1214 2458 1316 2490 aquae
1329 2451 1533 2492 baptismalis
1546 2462 1554 2491 ;
