1655 2726
222 301 323 334 1066.

223 522 326 554 1067.

221 1039 323 1072 1071.

220 1260 324 1294 1072.

221 1558 325 1590 1075.

222 1779 326 1812 1076.

223 2300 326 2334 1080.

755 130 1016 167 —188—

340 298 525 334 Confitebor
549 298 621 340 tibi,
647 300 759 340 mater,
909 299 1012 330 1068.
1028 297 1158 329 Domini
1183 298 1231 330 tui
1255 296 1325 338 filii,

338 349 376 381 In
402 349 558 379 conventu
582 345 737 385 fidelium,
1029 345 1089 384 Qui
1108 347 1214 384 pascit
1231 352 1357 377 omnem
1374 342 1541 383 populum,

340 397 398 429 Cui
425 396 481 427 dat
505 403 565 434 per
590 398 623 426 te
643 394 730 426 Deus
756 396 850 434 pater
1029 393 1138 426 Omnis
1165 396 1367 434 contemptor
1393 390 1465 422 vitii

337 443 559 477 Hereditatem
585 442 738 484 gentium.
1031 442 1158 474 Memor
1184 441 1247 472 erit
1270 443 1303 472 in
1330 439 1506 472 saeculum.

342 520 493 553 Gentium
517 523 621 551 mater
644 519 828 560 multarum,
913 518 1018 552 1069.
1033 519 1072 551 In
1097 518 1322 558 saeculumque
1347 517 1468 548 saeculi

338 569 452 602 Casum
478 577 601 609 ponens
627 567 766 609 caligini,
1029 565 1105 599 Erit
1128 566 1176 597 tui
1200 565 1365 606 memoria,

338 617 462 649 Nomen
477 620 566 648 tuum
576 615 718 648 reddunt
729 616 849 647 clarum
1029 614 1147 657 Maria,
1174 614 1262 646 salus
1286 613 1408 657 populi,

338 667 458 706 Magna
482 674 580 704 opera
605 663 746 697 Domini.
1029 662 1191 695 Solacium
1219 666 1250 694 et
1277 661 1388 703 gloria.

565 741 667 775 1070.
687 740 800 772 Gloria
821 743 876 772 tuo
902 738 979 781 filio,

683 789 811 821 Veritas
838 791 870 820 et
894 788 1058 832 iudicium,

681 837 726 869 Et
751 837 811 869 tibi
836 838 907 868 laus
933 845 1004 868 cum
1030 836 1158 878 gaudio,

683 885 771 924 Quae
795 885 958 917 misereris
986 885 1136 918 omnium.

836 970 920 1005 CXI.

338 1040 457 1072 Beatus
482 1043 515 1070 te
539 1040 655 1071 timens
680 1038 794 1078 Deum,
911 1039 1014 1072 1073.
1029 1039 1109 1072 Suos
1134 1039 1258 1071 iactans
1283 1040 1316 1072 in
1343 1042 1375 1071 te
1400 1049 1530 1080 gressus

338 1088 362 1120 Ο
388 1087 435 1119 fili
459 1088 571 1119 matris
598 1087 730 1128 gratiae,
1028 1087 1073 1119 Et
1097 1087 1225 1119 interna
1250 1089 1306 1119 lux
1334 1097 1486 1130 superna,

338 1135 389 1167 De
414 1136 502 1167 caelo
527 1134 628 1167 fiuent
652 1135 695 1166 ad
722 1143 792 1166 eum
1032 1135 1129 1168 Cuius
1152 1136 1259 1168 laudis
1286 1138 1335 1168 est
1360 1145 1530 1176 processus

341 1183 453 1215 Gloria
478 1187 510 1214 et
535 1184 678 1215 divitiae.
1028 1183 1066 1216 In
1092 1184 1246 1215 memoria
1272 1186 1414 1218 aeterna.

339 1260 492 1302 Divitiae,
519 1269 601 1300 quae
626 1263 701 1291 sunt
727 1260 835 1300 caelis,
911 1260 1014 1293 1074.
1031 1260 1220 1292 Aeternales
1246 1262 1428 1294 sanctiones

339 1308 463 1349 Ditant,
490 1308 589 1348 virgo,
617 1317 727 1339 servos
753 1311 836 1348 tuos,
1029 1308 1119 1348 Sunt,
1145 1309 1263 1350 Maria,
1291 1318 1350 1350 per
1374 1313 1407 1341 te
1435 1311 1540 1353 datae,

341 1356 389 1389 Ob
416 1356 500 1396 quod
526 1365 546 1387 a
569 1359 602 1387 te
625 1355 720 1396 plebs
744 1355 850 1388 fidelis
1029 1358 1119 1390 Tuae
1144 1357 1369 1390 miserationes

340 1403 493 1444 Disponit
518 1412 681 1436 sermones
707 1413 791 1436 suos.
1029 1405 1066 1437 In
1093 1406 1255 1437 saeculum
1280 1409 1356 1438 sunt
1381 1407 1543 1440 laudatae.

829 1490 928 1523 CXH.

339 1557 500 1599 Laudate,
525 1566 636 1589 sensus
662 1557 812 1598 hominis,
914 1558 1178 1592 1077.Humi1es
1204 1570 1263 1593 nos
1287 1562 1389 1594 redde
1414 1562 1496 1603 Deo,

341 1606 445 1638 Iesum
472 1609 638 1637 nocentem
664 1606 793 1647 nemini,
1032 1607 1083 1639 Ne
1106 1609 1275 1642 tradamur
1299 1610 1487 1650 tortoribus,

342 1654 489 1686 Laudate
511 1657 639 1693 partum
664 1654 810 1694 virginiS‚
1033 1655 1097 1688 Sed
1123 1658 1274 1697 parvulos
1298 1667 1357 1691 nos
1383 1659 1442 1691 sub
1470 1668 1507 1692 eo

342 1702 488 1734 Laudate
512 1711 627 1734 nomen
652 1701 792 1734 Domini.
1032 1704 1164 1737 Colloca
1189 1715 1260 1738 cum
1285 1707 1497 1747 principibus.

341 1779 469 1811 Domini
496 1782 598 1811 mater
623 1778 771 1820 celebris,
915 1781 1017 1813 1078.
1033 1781 1237 1822 Principibus
1263 1784 1452 1824 angelorum

342 1827 411 1859 Fac
434 1827 467 1858 in
494 1827 563 1859 Deo
590 1836 648 1859 nos
675 1827 819 1870 stabiles,
1033 1829 1229 1863 Commenda
1254 1841 1305 1864 me
1329 1834 1483 1876 propitia,

342 1876 401 1914 Qui
427 1876 583 1915 superbos
605 1876 684 1908 dans
710 1876 853 1908 tenebris
1032 1878 1150 1920 Maria,
1177 1880 1334 1913 salvatrix
1360 1882 1484 1927 horum,

341 1924 408 1956 Iam
437 1924 593 1956 exaltavit
617 1924 763 1957 humiles.
1032 1925 1092 1965 Qui
1118 1931 1212 1959 orant
1236 1932 1268 1960 te
1294 1937 1365 1962 cum
1393 1932 1506 1971 gloria.

571 2001 675 2033 1079.
692 2000 803 2033 Gloria
827 2004 881 2032 tuo
906 1999 984 2044 filio,

689 2048 817 2081 Veritas
843 2051 874 2080 et
898 2049 1064 2091 iudicium,

687 2096 733 2128 Et
755 2097 813 2129 tibi
838 2098 907 2129 laus
932 2106 1000 2129 cum
1027 2099 1155 2139 gaudio,

685 2145 772 2184 Quae
796 2146 958 2177 misereris
983 2148 1132 2181 omnium.

820 2231 941 2265 CXIII.

342 2300 379 2332 In
407 2300 494 2331 exitu
521 2300 561 2332 de
586 2300 712 2332 saeculo
916 2300 1018 2334 1081.
1033 2302 1211 2337 Maioribus
1237 2307 1340 2340 maior
1363 2312 1477 2356 mater,

342 2348 463 2380 Lumen
489 2349 567 2380 meis
595 2349 636 2381 da
661 2348 835 2389 gressibus,
1032 2350 1147 2383 Dulcis
1166 2362 1298 2388 manens
1316 2357 1350 2389 in
1368 2361 1544 2399 aeternum,

344 2396 430 2435 Quae
454 2397 540 2428 luces
565 2396 627 2429 Dei
650 2397 781 2438 populo,
1031 2398 1110 2442 Fac,
1138 2402 1241 2443 erigat
1265 2404 1353 2438 Deus
1378 2411 1482 2451 pater,

344 2445 476 2478 Pusillis
503 2454 571 2477 cum
598 2445 782 2480 maioribus
1032 2447 1093 2487 Qui
1109 2448 1329 2485 descendunt
1320 2463 1354 2486 111
1371 2455 1547 2489 infernum.
