1655 2726
674 124 939 159 -201-

139 216 301 251 1290.1n
327 226 374 258 ea,
403 228 532 262 quaeso,
561 223 691 253 caterva
839 222 943 255 1291.
960 222 1103 255 Gloriam
1128 222 1198 263 tibi,
1224 222 1342 266 Maria,

260 265 333 299 Non
360 276 517 310 maneam,
545 270 603 301 sed
628 268 759 313 fugiam,
960 271 1067 303 Debeo
1093 280 1220 311 semper
1245 270 1369 314 offerre,

261 314 348 353 Quae
380 324 444 347 non
470 316 601 357 reliquit
625 320 780 358 proterva
956 319 1033 351 Mea
1062 319 1198 359 ductrix,
1227 328 1298 351 mea
1322 320 1384 360 via,

260 363 310 395 Ob
335 362 410 396 Iesu
433 363 556 397 Christi
582 366 729 406 gloriam.
958 366 1055 400 Cuius
1079 367 1150 400 laus
1174 368 1208 400 in
1232 365 1313 400 fines
1338 371 1457 402 terrae.

707 480 906 517 CXXXVII.

141 567 244 601 1292.
262 566 446 601 confitebor
472 566 543 608 tibi,
572 567 670 610 Deus,
839 569 943 604 1294.
957 569 1156 609 Angelorum
1183 577 1216 601 es
1243 568 1382 611 domina,

261 615 307 649 Et
331 616 470 657 Mariae,
497 616 593 648 matri
615 616 688 657 Dei,
959 616 1017 649 Cui
1043 618 1100 650 dat
1115 617 1202 649 Deus
1218 617 1351 649 verbum
1366 626 1470 659 suum,

261 664 324 697 Per
349 674 445 705 quam
461 667 549 697 tutor
566 662 673 696 factus
689 672 779 697 meus
958 665 1149 698 Sanctorum
1173 664 1309 698 laudant
1331 666 1459 706 agmina

259 712 366 746 Audis
391 713 493 746 verba
517 714 582 745 oris
606 713 679 747 mei.
958 713 1211 753 Sempernomen
1220 716 1470 749 sanctumtuum.

140 800 245 833 1293.
261 801 329 833 Mei
355 802 421 833 oris
446 801 516 833 laus
543 801 649 843 unica,
838 801 941 834 1295.
957 800 1109 833 Sanctum
1134 803 1223 833 tuum
1250 801 1410 841 eloquium

258 848 775 893 Lauscaelorum‚lansiustorum‚
958 849 1031 881 Non
1058 851 1184 881 cessant
1208 857 1265 881 ora
1290 847 1447 892 proferre,

256 896 387 930 Laudes
411 906 501 930 meas
524 896 697 938 magnifica
953 897 1121 937 Tuamque
1144 897 1358 937 patrocinium

257 944 295 977 In
322 949 498 987 conspectu
523 946 720 985 angelorum.
955 944 1075 977 Petunt
1099 953 1207 977 omnes
1233 953 1325 985 reges
1351 948 1469 978 terrae.

488 1033 592 1066 1296.
607 1032 730 1064 Terrae
755 1034 889 1064 cunctae
914 1030 1058 1064 fidelium

606 1080 783 1120 Signantur
808 1082 862 1111 tuo
888 1080 1017 1111 nomine

605 1129 670 1161 Pro
698 1128 801 1168 culpis
826 1127 1020 1160 sacrificium

602 1176 770 1216 Terentes,
796 1176 877 1208 caeli
901 1175 1049 1208 Domine.

694 1291 913 1325 CXXXVIII.

134 1374 241 1408 1297.
255 1373 404 1414 Domine,
423 1372 566 1414 probans
586 1372 771 1413 depressam
834 1369 938 1402 1302.
954 1368 1146 1401 Claruerunt
1172 1368 1336 1401 excaecati

257 1422 449 1456 Creaturam
474 1420 547 1462 tibi,
574 1429 675 1460 ream,
952 1417 1027 1450 Tibi
1054 1418 1169 1450 dantes
1193 1417 1292 1451 fidem
1317 1427 1419 1457 suam,

255 1472 357 1504 Prece
382 1470 495 1503 matris
521 1468 575 1502 fac
590 1467 771 1511 professam
952 1465 1032 1499 Cum
1056 1476 1169 1499 manus
1194 1467 1292 1507 primi
1316 1467 1421 1499 sanati

251 1519 536 1553 Resurrectionem
561 1527 675 1551 meam.
951 1514 1012 1548 His
1040 1514 1184 1547 deferret
1207 1515 1347 1555 palmam
1366 1519 1465 1551 tuam.

134 1609 237 1642 1298.
252 1608 361 1641 Meam
389 1606 612 1647 cogitationem
832 1603 935 1637 1303.
951 1603 1053 1637 Tuam
1078 1603 1334 1637 misericordiam

251 1657 392 1689 Multam
418 1657 452 1687 et
476 1655 585 1688 cordis
610 1654 724 1687 intima
949 1652 1031 1685 Tam
1055 1650 1182 1693 perfido
1210 1653 1289 1685 dans
1315 1653 1437 1693 populo

250 1706 356 1738 Ponas
381 1704 415 1736 in
441 1704 664 1746 salvationem,
948 1702 1002 1734 Ad
1030 1700 1149 1733 Christi
1175 1710 1257 1742 para
1281 1702 1418 1742 gloriam

253 1754 341 1793 Quae
368 1752 534 1794 cognoscis
560 1752 744 1785 novissima.
950 1749 1076 1782 Pennas
1101 1758 1189 1781 meas
1217 1750 1369 1783 diluculo.

128 1843 233 1877 1299.
251 1841 438 1874 Novissima
463 1843 496 1872 et
520 1841 654 1880 antiqua
829 1838 932 1872 1304.
947 1837 1099 1871 Diluculo
1126 1846 1164 1869 ac
1188 1838 1295 1870 serulo

253 1892 342 1925 Gens
369 1889 521 1921 emendat
545 1890 645 1921 vitam
667 1898 755 1921 suam
948 1887 1037 1920 Velis
1064 1895 1157 1927 opem
1179 1886 1257 1918 mihi
1283 1885 1379 1930 ferre,

247 1940 310 1973 Per
336 1942 378 1983 te,
406 1946 489 1979 quae
516 1947 580 1970 non
596 1938 640 1970 ad
656 1937 768 1979 iniqua
947 1935 998 1969 Ne
1023 1936 1136 1968 tradar
1161 1936 1273 1967 mortis
1298 1935 1418 1977 pabulo

249 1988 398 2021 Petivisti
425 1995 553 2019 manum
580 1989 677 2018 tuam.
946 1983 1158 2017 Inferioribus
1185 1986 1302 2016 terrae.

127 2080 229 2114 1300.
245 2077 347 2110 Tuam
375 2075 642 2108 obdormitionem
826 2075 842 2107 1
850 2075 930 2107 305.
946 2072 1068 2106 Terrae
1076 2073 1209 2112 rectrix,
1224 2080 1298 2112 spes
1308 2072 1460 2116 gentium,

246 2125 363 2159 Iudaei
389 2125 550 2164 quondam
578 2124 717 2156 scientes
946 2121 1054 2155 Nauta
1079 2121 1187 2161 maris,
1222 2121 1289 2161 lux,
1317 2121 1461 2161 lucerna,

246 2174 421 2208 Oculorum
446 2173 603 2205 visionem
941 2169 999 2203 Me
1011 2174 1086 2211 post
1094 2178 1250 2212 praesens
1258 2168 1462 2211 naufragium

245 2223 438 2257 Amiserunt
461 2222 631 2257 irruentes.
945 2220 1062 2251 Deduc
1086 2219 1120 2251 in
1145 2219 1198 2251 via
1223 2221 1365 2250 aeterna.

124 2314 231 2349 1301.
246 2313 413 2345 Irruentes
440 2319 565 2352 quoque
588 2319 702 2343 manus
824 2309 928 2342 1306.
942 2309 1088 2341 Aeterna
1113 2315 1251 2348 regnans
1278 2306 1389 2348 requie

243 2359 408 2401 Principis
434 2368 509 2392 mox
533 2361 697 2399 aruerunt,
943 2357 1023 2391 Cum
1048 2355 1133 2392 Iesu,
1160 2355 1250 2396 pacis
1275 2356 1434 2397 principe,

243 2409 308 2443 Sed
334 2412 368 2441 te
393 2409 528 2441 credens
550 2407 635 2442 vidit
651 2416 758 2446 sanus,
939 2405 992 2438 Ab
1019 2405 1105 2438 omni
1130 2405 1216 2437 mala
1240 2405 1358 2449 specie,

242 2460 331 2500 Quae
356 2467 454 2498 super
477 2466 514 2490 se
540 2458 734 2489 claruerunt.
943 2454 1058 2497 Maria,
1087 2462 1139 2486 me
1163 2462 1248 2486 nunc
1273 2454 1372 2495 eripe.
