1655 2726
179 222 235 256 27.

177 444 234 478 28.

174 678 230 710 29.

171 911 227 943 30.

169 1143 225 1177 31.

170 1379 228 1411 32.

173 1612 228 1645 33.

174 1847 232 1880 34.

179 2082 238 2115 35.

183 2316 239 2349 36.

719 129 955 165 ...3¹7-

263 222 436 256 Attendite
460 224 565 265 legem
589 226 651 259 Dei

261 270 307 303 Et
331 273 451 305 servite
475 276 552 306 nato
578 277 656 317 regi,

262 318 323 357 Qui
348 329 407 352 nos
432 319 586 354 liberavit
609 323 737 365 penitus

260 366 314 399 Ex
339 368 464 410 virgine
488 372 592 403 matre
617 371 753 412 genitus.

261 444 360 486 Deus,
386 449 545 478 venerunt
569 451 691 491 genteS,

259 492 321 532 Qui
346 493 487 527 Mariam
512 504 576 527 non
602 499 770 539 noverunt,

260 540 306 574 Et
329 542 488 583 virginem
512 552 577 576 non
602 545 772 577 credentes

258 588 298 622 In
324 591 468 630 peccatis
493 592 670 631 perierunt.

259 676 319 716 Qui
346 678 430 719 regis
453 675 567 722 Israel,
594 680 736 722 intende,

257 725 332 758 Non
359 727 527 759 credentes
552 727 768 769 reprehende,

258 773 324 807 Sed
342 777 387 816 tu,
411 775 512 817 virgo,
532 776 575 808 ad
591 785 643 808 me
660 777 799 810 extende

256 822 392 856 Manum
417 826 450 855 et
474 824 612 864 gratiam
633 825 795 865 impende.

253 908 437 951 Exsultate,
464 910 604 955 liberati,

253 958 350 991 Missi
374 959 407 990 in
434 958 593 1001 exsilium,

255 1006 335 1041 Cum
359 1016 416 1040 vos
442 1006 513 1039 sitis
539 1007 684 1041 revocati

254 1055 321 1089 Per
345 1056 473 1088 Mariae
490 1054 603 1090 filium.

252 1142 345 1176 Deus
371 1142 463 1175 stetit
486 1142 685 1184 incarnatus,

252 1190 425 1224 Liberator
451 1190 544 1224 nobis
572 1191 676 1233 datus,

253 1241 291 1273 In
318 1240 453 1281 virginis
481 1248 578 1272 carne
603 1242 756 1279 armatus,

255 1289 319 1322 Per
332 1298 427 1329 quam
440 1288 543 1321 hostis
553 1291 603 1321 est
611 1290 794 1329 superatus.

255 1375 353 1416 Deus,
381 1376 481 1416 Deus,
509 1375 580 1417 quis
605 1377 657 1409 vel
684 1376 787 1417 qualis

253 1425 382 1466 Virgini
405 1422 670 1466 comparabitur?

256 1475 295 1507 In
320 1474 440 1506 mundo
463 1482 528 1506 non
554 1477 603 1505 est
627 1473 702 1506 talis

255 1521 329 1555 Nec
352 1530 492 1563 unquam
519 1521 738 1562 generabitur,

257 1612 357 1651 Quam
387 1610 518 1651 dilecta,
545 1619 641 1650 quam
667 1618 802 1643 amoena

255 1659 317 1693 Est
341 1659 434 1700 virgo
460 1658 564 1700 gratia
589 1659 696 1702 plena,

256 1708 363 1748 Super
389 1707 496 1740 omnia
517 1709 650 1740 terrena

257 1756 366 1798 Clara,
393 1755 531 1797 pulchra
557 1759 589 1788 et
614 1764 739 1789 serena.

258 1844 466 1879 Benedixisti
491 1847 524 1876 et
548 1844 696 1885 sacrasti,

258 1893 362 1934 Deus,
388 1894 475 1926 hano
499 1892 602 1926 filiam
626 1893 741 1937 prolis,

262 1943 368 1983 Super
394 1950 504 1975 omnes
532 1941 694 1975 decorasti

259 1990 355 2025 Hanc
380 1992 450 2024 veri
475 1991 605 2024 ianuam
630 1991 720 2025 solis.

264 2079 392 2113 Inclina
418 2087 530 2112 aurem
556 2081 589 2111 et
614 2078 744 2122 exaudi,

262 2128 319 2162 Me
344 2127 547 2161 insistentem
573 2131 648 2161 tuae
670 2128 770 2169 laudi,

263 2177 288 2211 Ο
316 2177 418 2218 virgo,
446 2185 511 2209 non
535 2186 588 2209 me
614 2176 786 2219 despicias,

263 2225 328 2259 Sed
353 2225 389 2258 in
413 2235 465 2258 me
489 2225 619 2259 laudem
646 2224 807 2267 perficias.

266 2314 495 2348 Fundamenta
520 2314 677 2347 virtutum

266 2362 306 2396 In
326 2366 370 2406 te,
398 2364 498 2405 virgo,
527 2366 603 2395 sunt
626 2362 794 2407 sumenda,

264 2412 353 2451 Quae
378 2421 430 2445 me
447 2420 525 2446 vere
543 2412 687 2445 reddunt
703 2415 809 2444 tutum

265 2460 387 2496 Contra
412 2461 520 2494 omnia
543 2461 700 2495 timenda.

883 230 938 262 37.

879 450 936 484 38.

877 682 933 716 39.

874 904 932 936 40.

874 1126 931 1159 41.

878 1350 936 1382 42.

879 1622 936 1655 43.

880 1846 935 1879 44.

883 2080 941 2113 45.

880 2314 939 2348 46.

965 228 1103 262 Domine
1127 229 1215 262 Deus
1239 229 1362 271 salutis,

961 277 1101 318 Aper-ias
1128 287 1186 310 ora
1210 278 1306 310 mutis

961 327 1000 359 In
1026 326 1154 358 laudem
1179 325 1274 359 huius
1302 327 1460 368 dominae,

964 373 1072 407 Maria
1097 374 1186 415 virgo
1211 374 1349 408 nomine.

963 450 1207 483 Misericordias
1232 450 1363 483 Domini

961 498 1091 531 Invenit
1098 498 1200 540 virgo,
1214 508 1292 540 quas
1298 501 1489 540 promiserat

960 547 1026 579 Per
1051 555 1147 586 quam
1172 550 1206 579 et
1230 548 1337 587 gratia
1359 548 1480 581 homini

960 594 1023 626 Est
1039 595 1200 635 restituta,
1228 604 1323 636 quam
1340 597 1501 629 amiserat.

1492 526 1500 544 7

959 682 1107 723 Domine,
1134 682 1295 724 refugium
1321 687 1371 716 est
1395 684 1482 717 facta

960 730 1063 763 Nobis
1091 731 1179 772 virgo
1206 733 1309 764 mater
1332 733 1466 776 intaeta,

961 779 1089 811 Tenens
1112 788 1170 811 nos
1196 780 1278 812 bene
1304 780 1362 813 sub
1389 781 1460 823 alie,

960 827 1007 860 Ut
1031 836 1089 859 nos
1118 826 1272 861 defendat
1297 838 1317 861 a
1340 830 1447 864 maliS.

960 905 1020 945 Qui
1046 904 1173 937 habitat
1195 906 1229 939 in
1254 906 1415 940 adiutorio

963 953 1108 994 Virginis
1135 954 1313 998 speciosae,

958 1001 1033 1033 Iure
1059 1010 1116 1033 suo
1140 1002 1266 1034 notorio

957 1048 1124 1081 Defendet
1149 1051 1301 1090 gratiose.

957 1126 1083 1159 Bonum
1109 1129 1160 1159 est
1185 1126 1332 1160 confiteri

964 1175 1060 1208 Hanc
1083 1175 1241 1216 virginem
1267 1178 1300 1208 et
1324 1176 1478 1220 revereri,

956 1225 1004 1258 Ut
1037 1224 1196 1265 possimus
1221 1225 1341 1257 mereri

958 1272 1024 1305 Per
1051 1272 1156 1312 ipsam
1181 1281 1241 1306 nec
1266 1283 1330 1306 non
1357 1276 1390 1306 et
1407 1274 1507 1309 tueri.

962 1349 1120 1382 Dominus
1146 1350 1295 1392 regnavit

959 1398 1013 1431 Ex
1038 1401 1130 1431 utero
1156 1398 1290 1441 virginis
1316 1401 1440 1441 matris,

959 1446 1044 1479 Dum
1070 1446 1232 1480 infernum
1256 1447 1403 1490 intravit,

959 1495 1055 1528 Nunc
1071 1496 1187 1529 sedens
1204 1495 1247 1530 ad
1271 1496 1436 1531 dexteram
1447 1506 1506 1538 pa-

1271 1545 1343 1579 tris,

963 1621 1052 1654 Deus
1077 1621 1233 1654 ultionum
1259 1622 1436 1665 mitigatur,

962 1670 1048 1703 Dum
1073 1670 1180 1703 Maria
1204 1671 1409 1717 imploratur,

966 1719 1031 1751 Per
1055 1727 1151 1759 quam
1175 1728 1252 1753 vere
1276 1719 1481 1761 impetratur,

965 1767 1057 1809 Quod
1082 1768 1142 1800 toti
1166 1768 1286 1801 mundo
1312 1772 1457 1810 negatur.

960 1846 1086 1886 Venite,
1115 1847 1312 1879 exsultemus

963 1894 1088 1927 Dantes
1113 1895 1232 1936 virgini
1254 1895 1421 1938 honorem,

963 1943 1049 1976 Nam
1072 1952 1132 1984 per
1156 1944 1261 1984 ipsam
1286 1944 1439 1977 habemus

963 1991 1042 2024 Filii
1068 1992 1117 2024 sui
1142 2001 1295 2026 amorem.

968 2079 1104 2112 Cantate
1128 2079 1265 2113 Domino
1292 2080 1469 2120 psallentes

965 2129 1004 2161 In
1031 2128 1166 2169 cythara
1191 2128 1300 2161 cordis
1327 2129 1485 2162 dicentes:

965 2177 1012 2209 Te
1037 2178 1071 2210 in
1096 2177 1204 2210 Maria
1231 2178 1491 2211 commendamus

964 2225 1010 2258 Et
1033 2234 1094 2267 per
1120 2228 1153 2258 te
1177 2225 1282 2259 Deum
1307 2226 1487 2260 laudamus.

964 2314 1053 2347 Deus
1079 2314 1228 2354 regnavit
1252 2316 1404 2354 patenter

963 2364 1085 2397 Volens
1110 2362 1154 2395 ad
1178 2365 1306 2404 patrem
1331 2364 1450 2404 redire,

965 2412 990 2445 Ο
1016 2410 1136 2452 Maria,
1162 2410 1217 2445 fac
1240 2421 1299 2445 nos
1326 2413 1478 2447 decenter

965 2461 1020 2494 Ad
1045 2460 1095 2493 sui
1119 2469 1254 2502 regnum
1278 2463 1401 2496 venire.
