1655 2726
633 131 894 167 —161—

101 220 184 254 574.
199 221 263 254 Via
287 222 534 257 tribulationum

196 271 261 303 Per
287 273 319 303 te
343 273 407 305 iam
433 271 640 319 fortificatus,

196 319 298 352 Omne
324 320 407 352 dixit
432 328 502 354 esse
527 322 655 367 bonum,

198 367 241 400 Os
267 367 373 401 fidelis
398 369 568 405 incolatus.

101 444 360 479 575.Incolatus
386 445 482 479 finem
508 449 559 481 sui

195 493 270 526 Non
293 493 368 539 legi,
395 499 509 529 sancta
532 497 649 541 Maria,

197 541 262 574 Sed
288 543 373 576 hunc
395 544 507 577 iuvent
531 547 616 579 servi
641 547 698 588 tui,

196 590 232 623 Si
255 590 383 634 indiget
407 602 505 633 prece
529 594 595 635 pia.

100 659 179 692 576.
196 659 255 691 Pia
279 662 394 700 mater,
425 661 530 695 salves
556 671 637 703 eum,

194 707 230 740 Si
253 716 376 748 poenas
402 708 509 742 adhuc
533 711 657 751 subeat,

196 756 252 789 Sin
278 759 385 789 61116111
411 757 522 791 videat
545 760 660 800 Deum,

193 805 249 837 Me
273 805 399 838 meritis
423 811 620 848 promoveat.

99 873 179 906 577.
195 873 327 905 Moveat
351 877 384 906 te
409 882 461 905 me
483 875 595 907 iuvare

194 921 245 953 De
268 924 311 960 te‚
340 921 429 954 6111115
455 922 584 964 eloquia

192 968 238 1002 Ut
262 969 327 1001 mel
351 971 452 1002 menti
475 974 549 1003 sunt
573 980 712 1012 amarae,

191 1017 264 1049 Lux
291 1019 323 1049 et
347 1018 401 1050 via
424 1026 485 1059 per
512 1018 617 1054 devia.

800 234 878 267 578.
895 233 957 266 Via
983 232 1094 265 mundi
1118 234 1191 265 luce
1214 232 1277 265 Dei

892 282 1013 323 Meum,
1038 286 1153 322 mater,
1180 290 1235 314 cor
1259 281 1382 314 ambias

894 330 939 362 Et
963 329 1186 362 fortitudinem
1212 329 1241 363 ei

894 378 1044 411 Praestes
1069 380 1165 419 atque
1191 378 1363 414 custodias.

798 447 876 478 579.
893 445 1063 478 Custodias
1088 446 1188 479 vitam
1210 455 1313 480 meam

891 494 1047 528 Custodia
1070 495 1215 540 rationis,

891 542 942 575 Ne
968 543 1158 575 condemnet
1181 544 1293 584 poenis
1319 553 1388 577 eam

890 589 945 624 Ira
972 591 1261 624 consummationis.

796 660 876 694 580.
893 658 1180 692 Consummationis
1205 668 1295 692 meae

889 707 1118 740 Tremebunda
1141 708 1298 749 angustia,

892 756 943 790 Sis
969 755 1094 788 animae
1118 760 1247 796 praesto
1273 766 1349 790 reae

889 804 982 837 Tunc
1007 813 1168 845 apparens
1193 814 1263 837 cnm
1288 806 1399 847 gloria.

794 873 874 907 581.
890 872 1002 905 Gloria
1026 872 1096 916 tibi,
1122 873 1238 917 Maria,

889 921 952 953 Per
977 930 1073 961 quam
1097 921 1207 960 piatur
1231 921 1358 967 impius,

889 969 985 1002 Cuius
1010 970 1082 1009 ipse
1106 969 1202 1001 laude
1225 973 1281 1010 pia

887 1017 1038 1049 Maneam
1063 1017 1235 1050 solitarius.

709 1106 799 1141 LIX.

95 1172 177 1205 582.
191 1171 290 1213 Deus,
318 1172 492 1213 reppulisti
516 1182 631 1214 preces

188 1220 265 1252 Mea
291 1223 324 1253 et
350 1223 424 1254 vota
449 1222 546 1254 solita

189 1268 329 1310 Propter
353 1271 562 1310 peccatorum
587 1268 694 1303 faeces

187 1316 233 1349 Et
258 1325 359 1358 opera
379 1317 508 1352 illicita.

93 1385 174 1419 583.
189 1385 312 1419 illicita
337 1395 414 1419 vero
440 1385 528 1419 facta

188 1434 299 1467 Tollat
323 1433 420 1467 beata
443 1443 584 1479 munere,

186 1483 275 1523 Quae
308 1486 339 1515 te
365 1483 469 1516 Deum
494 1486 583 1516 stans
608 1483 731 1517 11116616

187 1531 311 1564 Meruit
335 1532 455 1564 mundo
481 1540 607 1572 parere.

93 1600 175 1633 584.
189 1599 319 1639 Parere,
346 1599 400 1640 qui
426 1603 459 1632 16
482 1600 666 1642 plasmavit,

185 1647 348 1688 Meruisti,
376 1647 467 1689 virgo
492 1658 585 1691 pura,

184 1695 398 1742 Lactareque,
426 1698 480 1738 qui
505 1700 537 1729 te
562 1697 663 1742 pavit,

186 1744 303 1786 Stupet
326 1744 403 1778 hinc
428 1746 531 1778 omnis
556 1749 683 1782 natura,

89 1814 169 1847 585.
186 1812 312 1845 Natura
335 1823 469 1854 prorsus
495 1814 635 1847 humana

184 1861 287 1893 Tuum
310 1862 395 1902 petit
421 1863 631 1903 praesidium,

186 1909 268 1950 Quia
293 1910 380 1943 salus
404 1911 455 1943 illi
479 1921 574 1954 vana,

186 1957 244 1991 Oui
269 1968 334 1993 non
358 1963 507 2000 praestas
532 1960 698 1994 auxilium.

86 2106 168 2139 590.
182 2105 313 2139 Exaudi
337 2115 398 2146 me,
427 2107 527 2149 virgo,
554 2115 683 2150 precor,

184 2154 339 2188 Orantem
366 2158 399 2187 et
422 2164 482 2196 pro
507 2156 674 2198 proximis,

183 2203 358 2237 Hominum
374 2204 455 2248 laus,
483 2205 593 2248 decus,
611 2204 725 2248 honor,

182 2251 291 2286 Gestis
316 2252 444 2294 fulgens
470 2253 669 2287 clarissimis.

84 2321 165 2356 591.
184 2320 381 2354 Clarissimis
406 2321 571 2355 miraculis

183 2369 340 2403 Coruscas
366 2371 401 2403 in
426 2371 619 2413 hominibus,

180 2419 349 2453 Assistens
372 2420 407 2453 in
432 2420 587 2461 periculis

181 2468 307 2502 Nomen
334 2470 424 2501 tuum
449 2469 648 2504 timentibus

137 2530 270 2557 Dmves,
287 2528 412 2553 Psalteria
428 2528 587 2559 Rhythmica.
618 2529 653 2554 ΙΙ.

793 1172 872 1208 586,
887 1171 1055 1204 Auxilium
1080 1175 1116 1205 tu
1142 1171 1255 1205 salutis

888 1220 1068 1262 Reginaldo
1092 1220 1171 1253 (lans
1199 1221 1320 1255 decano

887 1268 1142 1309 Unctionemque
1166 1269 1296 1302 virtutis

886 1316 1022 1349 Stimulo
1050 1317 1155 1349 carnis
1180 1326 1308 1354 vesano.

790 1386 870 1421 587.
886 1384 970 1418 Sano
995 1385 1224 1418 Aurelianensi

885 1433 958 1467 Hoc
984 1434 1105 1466 decano
1131 1434 1178 1466 sic
1203 1434 1325 1477 effecto,

883 1482 1033 1516 Remedii
1058 1491 1134 1523 spes
1159 1483 1308 1516 immensi

882 1531 1048 1565 Medearis
1074 1531 1149 1563 htu'c
1173 1531 1305 1566 infecto.

788 1601 867 1634 588.
883 1598 1009 1633 Infecto
1037 1599 1142 1632 carnis
1168 1599 1318 1633 sordibus

881 1648 944 1690 Da,
969 1647 1086 1692 Maria,
1113 1649 1300 1691 remedium,

881 1696 1042 1730 Dominici
1069 1697 1148 1729 dans
1174 1697 1324 1738 precibus

880 1745 1055 1779 Praedicto
1081 1746 1145 1778 16111
1171 1746 1335 1780 auxilium.
1367 1756 1376 1792 j·

785 1815 864 1849 589.
878 1814 1046 1847 Auxilium
1073 1814 1115 1846 da
1138 1814 1258 1856 iugiter

879 1862 1057 1896 Assistenti
1081 1866 1156 1895 tuae
1178 1863 1271 1896 laudi

882 1911 939 1955 Ac,
966 1910 1084 1953 Maria,
1111 1912 1261 1945 celeriter

880 1960 944 1993 Pro
969 1969 1021 1993 me
1044 1964 1216 2001 precantes
1243 1962 1369 1995 exaudi.

721 2038 792 2072 LX.

786 2108 865 2143 592.
879 2107 1080 2140 Timentibus
1108 2107 1276 2140 daemonia

878 2156 937 2190 Fis
962 2157 1062 2188 turris
1088 2155 1300 2198 fortitudinis,

880 2206 906 2239 O
931 2205 1051 2246 Maria,
1077 2205 1135 2238 11111
1160 2205 1274 2245 pervia

786 2323 866 2357 593.
881 2322 1044 2357 Libidinis
1069 2322 1171 2354 malos
1194 2325 1300 2355 motus

880 2371 1080 2412 Reginaldus
1102 2379 1167 2403 non
1192 2371 1334 2416 sentivit,

878 2420 932 2454 Ex
956 2429 1028 2465 quo,
1057 2428 1130 2452 cum
1154 2418 1242 2453 foret
1256 2425 1416 2464 aegrotus,

879 2470 949 2503 Tua
974 2468 1077 2502 virtus
1103 2469 1189 2502 hunc
1213 2470 1330 2506 linivit.

1211 2526 1245 2557 11
