1655 2726
741 154 1002 189 —196-

213 253 526 287 1205.Misereatur
553 252 648 282 etiam
908 251 1010 283 1206.
1027 250 1158 291 Eorum,
1187 249 1242 290 qui
1265 251 1299 279 te
1323 247 1470 290 adorant,

329 300 475 332 Meorum
501 297 743 332 benefactorum
1027 297 1081 329 Ad
1106 297 1211 329 Iesum
1239 294 1340 328 corda
1364 294 1508 336 dispone,

334 347 381 380 Ob
407 347 454 378 tui
480 347 705 388 reverentiam,
1026 344 1078 376 Ne
1102 344 1198 387 pulsi,
1226 343 1281 383 qui
1305 344 1339 374 te
1363 342 1533 381 honorant,

331 396 378 429 Ut
403 393 561 426 salvatrix
587 394 631 425 sis
659 402 779 426 eorum.
1028 392 1100 425 Sint
1125 400 1255 431 semper
1281 388 1518 429 desperatione.

558 469 662 503 1207.
675 469 814 502 Honesti
840 468 1022 501 redduntur
1047 468 1177 501 Christo

676 519 714 551 In
740 520 782 557 te,
808 517 925 560 Maria,
955 515 1076 559 confisi,

675 566 713 598 In
739 564 818 597 orbe
842 574 901 596 nos
926 563 968 595 ob
995 564 1056 595 hoe
1084 563 1148 594 isto

675 613 721 645 Te
746 612 882 645 laudare
907 620 1016 644 sumus
1042 611 1115 645 nisi.

795 717 949 750 CXXIII.

212 795 317 829 1208,
332 795 405 828 Nisi
431 798 506 836 quia
534 794 622 827 fores
647 804 781 837 mecum,
909 794 1224 829 1210.Amisissent
1248 794 1314 827 vim
1340 792 1455 826 virium

330 844 419 883 Quae
439 843 615 876 virtutibus
641 844 772 883 emines,
1026 844 1142 876 Plures
1171 850 1294 875 mecum
1321 840 1399 874 facti
1426 841 1541 881 fumus,

329 892 386 925 Me
412 893 552 932 cepisset
576 892 676 925 Satan
701 901 819 935 secum,
1027 891 1092 924 Sed
1119 891 1239 924 dedisti
1264 890 1453 933 subsidium,

329 940 415 973 Dum
440 943 648 981 resurgerent
671 941 827 975 homines,
1025 939 1071 972 Et
1095 949 1154 972 nos
1178 939 1308 971 liberati
1335 947 1454 971 sumus..

212 1018 316 1052 1209.
331 1019 488 1051 Homines
514 1021 547 1050 et
572 1018 740 1051 daemonia
907 1018 1011 1053 1211.
1026 1017 1151 1057 SumUS,
1178 1017 1296 1057 Maria,
1323 1016 1427 1056 erepti

331 1068 400 1100 Iam
425 1075 477 1099 me
493 1067 600 1099 vivum
621 1067 842 1108 deglutissent,
1025 1065 1090 1097 Per
1115 1074 1242 1098 manum
1268 1067 1355 1097 tuam
1383 1064 1511 1107 agilem,

332 1114 404 1147 Nisi
427 1118 483 1148 tua
507 1116 654 1155 potentia
1025 1114 1103 1147 Cum
1129 1113 1340 1145 transiremus
1367 1113 1496 1154 decepti

329 1163 484 1204 Repressi
507 1163 573 1195 vim
595 1163 787 1196 amisissent.
1026 1162 1153 1202 Aquam
1177 1161 1428 1194 intolerabilem.

557 1241 661 1274 1212.
679 1239 829 1271 Habilem
855 1239 898 1271 ad
923 1238 1111 1278 peccamina

676 1287 810 1319 Sensum
838 1286 947 1319 devoti
973 1286 1146 1320 concidunt

676 1335 740 1367 Per
763 1339 805 1377 te,
834 1335 941 1368 Maria
967 1335 1106 1378 domina,

673 1384 801 1423 Fortes,
827 1383 861 1415 in
886 1385 919 1415 te
942 1383 996 1424 qui
1015 1382 1190 1417 confidunt.

803 1478 951 1512 OXXIV.

213 1557 319 1591 1213.
335 1556 397 1596 Qui
422 1554 588 1588 confidunt
610 1556 644 1587 in
662 1558 705 1596 te,
731 1558 843 1598 mater,
905 1556 1009 1591 1216.
1025 1557 1132 1592 Corde
1157 1568 1221 1591 non
1246 1562 1322 1591 sunt
1348 1560 1504 1601 cogitatus

332 1604 498 1644 Teguntur
523 1604 613 1644 pacis
637 1603 749 1635 habitu
1024 1605 1108 1638 Iusti
1133 1607 1175 1638 ad
1199 1607 1414 1649 iniquitatem,

329 1652 855 1693 Horumquestattamquampater
1023 1653 1094 1695 Ego
1120 1658 1226 1687 autem
1250 1656 1424 1689 inclinatus

331 1700 488 1733 Dominus
513 1701 548 1732 in
574 1700 719 1732 circuitu.
1023 1703 1227 1743 Frequenter
1251 1706 1295 1738 ad
1319 1705 1529 1746 voluptatem.

214 1779 316 1812 1214.
332 1778 477 1811 Circuitu
502 1777 610 1809 cordis
634 1786 697 1809 mel
905 1779 1008 1813 1217.
1024 1780 1231 1821 Voluptatem
1258 1783 1363 1815 carnis
1389 1793 1504 1817 saevae

335 1825 402 1868 Sta,
425 1826 604 1865 protectrix
630 1825 831 1866 pusillorum,
1022 1828 1087 1861 Per
1112 1831 1154 1870 te,
1181 1829 1298 1872 Maria,
1325 1830 1457 1873 fugiam,

332 1874 497 1914 Nusquam
522 1882 621 1914 super
637 1882 765 1906 servum
784 1873 845 1906 Dei
1024 1877 1112 1917 Quae
1134 1886 1195 1918 per
1218 1879 1393 1920 ingluviem
1420 1882 1509 1914 Evae

331 1921 842 1962 Linquensvirgampeccatorum.
1024 1926 1184 1958 Amissam
1210 1927 1322 1960 reddit
1346 1930 1491 1969 gloriam.

212 1999 540 2035 1215.Peccatorum
566 1999 749 2039 graviorum
904 2001 1008 2035 1218.
1024 2001 1169 2036 Gloriam
1194 2004 1266 2046 tibi,
1292 2006 1410 2048 Maria,

332 2047 442 2102 Saepe&
463 2047 585 2080 cinctus
609 2047 712 2101 multa,
737 2048 844 2087 sorde,
1022 2050 1134 2084 Debeo
1161 2061 1289 2094 semper
1314 2054 1439 2099 offerre,

332 2096 846 2139 Fac,sunspretoriammalorum
1021 2098 1099 2131 Mea
1126 2101 1265 2144 ductrix,
1291 2112 1364 2137 mea
1387 2106 1448 2146 via,

334 2145 411 2178 Cum
438 2144 530 2176 bonis
556 2145 589 2176 et
612 2144 709 2176 rectis
737 2145 843 2179 corde.
1024 2146 1119 2180 Cuius
1141 2150 1212 2182 laus
1235 2151 1269 2183 in
1294 2151 1374 2185 fines
1400 2159 1517 2189 terrae.

807 2238 937 2275 CXXV.

212 2317 315 2351 1219.
330 2317 368 2349 In
395 2316 609 2349 convertendo
638 2316 780 2357 captivos
904 2319 1006 2354 1220.
1022 2322 1187 2356 consolati
1210 2327 1274 2358 mei
1298 2336 1411 2362 sensus

331 2365 398 2398 Nos
423 2365 465 2397 ad
490 2368 533 2407 te,
559 2374 633 2405 spes
660 2366 824 2410 captivat-i,
1022 2369 1105 2402 Sunt
1127 2371 1160 2404 in
1186 2376 1240 2406 tuo
1266 2376 1410 2418 servitio,

333 2413 507 2467 vincentes
531 2416 635 2446 motus
660 2414 806 2454 passivos
1024 2418 1115 2451 Tunc
1140 2421 1273 2462 spiritus
1300 2428 1349 2457 est
1365 2435 1541 2466 suspensus

330 2460 425 2494 Facti
449 2471 557 2495 sumus
583 2462 746 2496 consolati.
1025 2466 1070 2499 Et
1092 2469 1253 2509 repletum
1274 2481 1309 2505 os
1334 2474 1463 2513 gaudio.
