1655 2726
146 298 201 333 56.

146 532 202 565 57.

147 765 203 799 58.

146 1075 203 1109 62.

149 1308 205 1341 63.

148 1851 206 1884 67.

151 2085 206 2120 68.

667 134 930 170 —133—

775 233 817 267 X.

229 295 268 331 In
294 297 432 331 Domino
459 307 586 339 sperem
614 299 754 340 Christo,

229 345 316 379 Filio
342 351 408 386 tuo,
434 347 554 385 Maria,

230 394 347 436 Spreto
374 396 493 428 mundo
520 404 655 436 nequam
682 396 756 437 isto,

230 443 328 476 Cuius
354 446 403 476 est
428 444 468 476 ad
492 447 628 476 mortem
654 444 717 477 via.

230 530 292 563 Via
315 540 399 572 vaga
425 531 642 564 discurrentes

232 580 315 613 Sunt
338 579 495 612 malorum
520 580 708 621 participes,

231 628 297 660 Sed
322 631 447 660 secreto
471 631 504 660 te
530 629 672 661 colentes

232 676 371 709 Servant
397 677 527 717 superni
550 677 727 718 principes,

235 765 402 805 Principes
428 765 509 797 lucis
536 765 656 797 aemuli

233 813 450 846 Intenderunt
475 822 583 846 arcum
610 822 712 856 suum,

232 860 296 894 Sed
322 862 380 902 tui,
408 865 522 902 mater,
550 861 632 894 oculi

233 910 391 951 Figantur
414 909 448 941 in
474 918 601 942 servum
629 912 728 944 tuum.

765 1008 824 1042 XI.

231 1073 364 1106 Salvum
388 1082 442 1107 me
466 1073 530 1115 fao,
558 1084 576 1107 o
602 1074 740 1116 domina,
845 1076 903 1109 64.

229 1122 307 1155 Reis
331 1123 365 1154 in
391 1131 485 1162 opem
513 1131 698 1166 exsurgenS‚

229 1171 337 1212 Purga
365 1179 415 1203 me
443 1174 475 1203 et
499 1171 656 1215 examina,

231 1218 362 1252 Servire
387 1220 462 1253 Iesu
486 1228 676 1261 perurgens.

233 1306 416 1348 Perurgens
442 1316 514 1339 mea
539 1307 626 1340 labia
846 1309 902 1342 65.

233 1355 323 1388 Iuste
348 1355 437 1396 loqui
461 1355 643 1399 veritatem,

232 1403 350 1444 Maria,
377 1405 475 1444 plena
499 1405 612 1447 gratia,

232 1451 285 1484 Da
309 1450 388 1485 fidei
411 1451 605 1485 firmitatem.

842 301 898 335 59.

843 533 899 567 60.

843 765 898 801 61.

925 301 1029 334 Tuum
1054 307 1218 343 aspectum
1244 302 1278 334 in
1303 304 1374 334 tuos

923 349 996 382 Non
1023 350 1180 383 sufferunt
1205 350 1381 394 daemonia,

925 398 1053 441 Verum,
1082 400 1183 439 virgo,
1210 408 1339 439 gressus
1365 408 1438 431 suos

925 445 1017 479 Tunc
1041 447 1210 479 remittunt
1238 450 1270 478 et
1294 447 1387 482 retia.

925 533 1022 566 Retia
1048 542 1123 575 ergo
1150 543 1257 567 eorum

924 582 1052 622 Rumpe
1076 585 1132 615 tua
1157 583 1312 626 potentia,

924 630 1045 672 Maria,
1072 640 1183 664 manus
1209 631 1398 673 vinctorum,

926 677 1047 711 Nostra
1072 680 1175 711 virtus
1203 681 1235 711 et
1260 678 1373 720 gloria.

927 765 1040 799 Gloria
1064 766 1135 805 tibi,
1165 766 1305 810 domina,

927 816 1014 855 Quae
1039 823 1098 854 per
1123 814 1186 847 iter
1209 815 1381 855 impiorum

926 863 1059 904 Spargis
1085 863 1208 904 gratiae
1232 863 1364 903 semina,

929 911 972 944 Ut
996 912 1081 944 viam
1108 914 1243 944 noscant
1264 911 1432 944 iustorum.

928 1075 1133 1108 Firmitatem
1161 1076 1241 1109 dans
1265 1077 1430 1121 invictam⁷

926 1123 1043 1166 Maria,
1071 1125 1134 1157 tuis
1159 1124 1194 1157 in
1218 1126 1383 1167 mundum,

926 1171 1046 1204 Vocem
1073 1181 1205 1205 servans
1229 1173 1435 1206 benedictam

927 1222 966 1253 In
993 1219 1174 1254 conflictum
1201 1221 1250 1254 his
1276 1223 1462 1256 secundum.

931 1308 1113 1342 Secundum
1139 1309 1344 1341 altitudinem

929 1357 1019 1389 Tuae
1044 1356 1287 1390 misericordiae

928 1405 1070 1438 Reor-um
1095 1405 1334 1439 multitudinem

929 1453 1076 1497 Liberas‚
1103 1457 1207 1486 mater
1228 1456 1362 1495 gratiae.

499 1540 555 1574 66.
584 1538 717 1572 Gratiae
740 1540 822 1580 liqui
845 1540 1005 1580 liquorem

580 1587 706 1621 Vilibus
731 1597 849 1622 vacans
875 1589 908 1620 in
934 1588 996 1628 via,

580 1635 695 1669 Dolori
719 1637 854 1678 iungens
882 1637 1036 1678 dolorem,

581 1685 645 1718 Sed
671 1686 752 1718 haec
772 1695 947 1727 usquequo,
974 1685 1107 1719 Maria?

760 1783 836 1819 XII.

233 1850 417 1892 Usquequo,
445 1851 564 1895 Maria3
592 1860 713 1885 morem

233 1899 396 1932 Malorum
422 1908 539 1940 sequar
563 1901 595 1933 in
623 1901 754 1942 mundo,

234 1947 393 1987 Quamdiu
419 1958 538 1988 ponam
565 1949 709 1982 dolorem

234 1997 272 2031 ln
300 1997 407 2030 cordis
432 1998 495 2030 mei
520 1996 710 2038 profundo?

234 2084 402 2119 Profundo
424 2094 562 2127 namque
589 2086 701 2119 dolore

233 2133 426 2167 Submersae
436 2139 511 2167 sunt
520 2139 649 2168 nostrae
659 2138 792 2176 mentes,

234 2182 298 2215 Sed
325 2183 468 2223 reprime
493 2185 615 2216 cunctis
642 2184 741 2225 horis,

233 2231 351 2273 Maria,
378 2241 437 2265 nos
462 2236 702 2274 persequentes,

845 1853 901 1886 69.

847 2087 902 2120 ¹70.

930 1853 1163 1894 Persequentes
1189 1863 1250 1896 me,
1280 1854 1418 1896 domina,

929 1902 1103 1943 Usquequo
1129 1901 1365 1941 exaltabuntur,

927 1950 1052 1983 Horum
1078 1953 1201 1983 mentes
1226 1950 1383 1993 illumina,

926 1999 971 2031 Et
997 1999 1044 2031 sic
1068 1998 1334 2034 humiliabuntur.

929 2086 1195 2120 Humiliabuntur
1220 2087 1315 2120 nimis

929 2138 967 2169 ln
993 2136 1121 2168 saecula
1146 2136 1358 2176 saeculorum,

929 2184 989 2225 Qui
1014 2194 1077 2217 non
1104 2185 1248 2218 exaltent
1271 2185 1305 2217 in
1331 2185 1445 2226 primis

928 2233 986 2274 Te,
1014 2242 1145 2274 praeses
1171 2234 1449 2275 archangelorum.

478 2322 533 2355 71.
561 2321 686 2354 Horum
709 2321 809 2354 vitam
835 2321 969 2362 iungens
996 2322 1137 2363 summis,

560 2371 627 2411 Quo
654 2370 790 2412 gloriam
819 2371 909 2403 Iesus
935 2369 1017 2410 fixit,

559 2420 700 2460 Quorum
726 2419 794 2452 vita
818 2421 851 2451 te
877 2428 958 2461 prae
982 2419 1119 2452 nummis

559 2468 691 2510 Optavit
719 2471 751 2500 et
775 2467 954 2503 benedixit.
