1655 2726
233 342 291 374 72.

235 572 290 606 73.

233 1100 288 1134 7¹7.

232 1331 287 1363 78.

229 1857 285 1889 82.

228 2089 284 2121 83.

751 153 1012 189 —134-

829 261 923 296 XIII.

314 339 408 372 Dixit
430 339 561 372 insanus
586 339 724 372 Iudaeus

315 389 399 421 Prae
422 388 554 420 mentali
581 388 735 429 caligine:

315 435 389 468 Non
415 438 462 468 est
487 437 577 469 Iesus
603 445 697 468 verus
724 436 811 468 Deus

317 483 430 524 Neque
454 487 547 517 natus
574 493 613 516 ex
638 484 772 525 virgine.

316 570 367 602 Ex
392 569 517 611 virgine
540 570 685 611 pandunt
711 573 820 602 natum

315 618 554 658 Scripturarum
580 618 684 650 fontes
711 618 809 658 rupti,

315 666 414 705 Quem
439 664 578 699 fatemur
601 667 802 698 incarnatum

315 714 365 746 Ex
390 717 423 745 te
447 713 512 747 fide
535 715 733 754 incorrupta.

576 803 632 835 76.
659 800 786 833 saeculi
810 809 895 832 vana

921 342 976 374 74.
1004 338 1156 379 corrupti
1180 346 1268 377 vero,
1296 333 1433 378 domina,

1003 388 1049 420 Et
1073 395 1183 419 errore
1209 385 1403 422 detinentur,

1005 436 1066 475 Qui
1085 435 1245 468 Christum
1271 441 1310 464 ex
1334 434 1377 472 te,
1405 429 1534 472 femina,

1003 483 1124 515 Natum
1150 491 1220 514 esse
1244 490 1307 513 non
1332 478 1485 511 fatentur.

1003 571 1161 603 Fateatur
1185 572 1219 600 te
1243 566 1459 609 fecundatam,

1001 618 1118 658 Maria,
1144 617 1218 650 Iesu
1242 615 1361 648 servuli

1002 666 1072 698 Neo
1096 665 1222 705 pudore
1241 667 1274 695 te
1299 663 1467 703 privatam,

1004 713 1166 745 Salvatrix
1191 713 1298 753 prima
1321 711 1451 743 saeculi.

921 572 977 604 75.

918 803 1106 841 spernentes

658 848 735 881 Cum
764 848 883 880 carnali
910 848 1047 881 libidine

657 896 739 938 Sint,
765 896 882 939 Maria,
910 897 1086 929 servientes

657 945 732 977 Tibi
758 945 897 977 omnium

925 946 1082 978 dominae.

830 1031 920 1066 XIV.

315 1099 461 1138 Domine,
488 1100 558 1141 quis
584 1098 744 1131 habitabit

312 1147 348 1179 In
374 1149 483 1179 monte
507 1150 617 1179 sancto
641 1149 836 1187 sanctorum,

313 1195 384 1227 Nisi
410 1205 469 1235 pro
496 1205 557 1236 quo
583 1199 616 1226 te
640 1194 767 1234 rogabit

310 1243 419 1275 Mater
442 1246 508 1285 tua,
533 1252 607 1284 spes
633 1241 821 1282 lapsorum?

314 1329 492 1369 Lapsorum
517 1330 610 1369 lapsu
638 1328 724 1360 vario

316 1377 460 1417 Linguae
484 1377 612 1409 mentiri
637 1386 699 1408 non
726 1375 811 1408 fessa

311 1424 469 1456 Miserere
492 1426 692 1464 miserorum,

313 1473 450 1512 Propter
471 1482 529 1505 nos
548 1473 671 1505 eaelum
686 1473 842 1513 ingressa.

920 1100 974 1132 79.
1001 1099 1152 1139 Ingressa
1177 1098 1246 1129 sine
1271 1096 1395 1129 macula

1003 1147 1163 1187 Operatur
1187 1145 1340 1187 iustitiae,

999 1194 1117 1234 Maria,
1144 1192 1258 1233 frange
1281 1193 1387 1225 iac-ula

999 1242 1110 1274 Hostis
1135 1242 1224 1283 pleni
1248 1241 1401 1281 pernicie.

917 1330 972 1362 80.
1001 1328 1148 1360 Pernicie
1172 1327 1329 1368 pecuniae

998 1378 1142 1409 Mentem
1169 1376 1323 1415 pollutam
1351 1377 1455 1418 expia,

998 1424 1197 1456 Thesaurum
1224 1424 1355 1455 mittens
1381 1426 1505 1466 gratiae

997 1472 1052 1504 Ad
1076 1481 1129 1503 me
1155 1472 1195 1504 de
1221 1472 1300 1504 caeli
1325 1472 1438 1512 gloria.

575 1559 631 1591 81.
661 1557 774 1590 Gloria
797 1557 867 1597 tibi,
896 1558 1033 1599 domina,

658 1606 746 1646 Quae
769 1614 829 1646 per
853 1606 915 1637 iter
938 1607 1107 1647 impiorum

656 1654 789 1695 Spargis
814 1654 938 1694 gratiae
960 1656 1090 1699 semina,

653 1702 700 1735 Ut
723 1702 792 1734 vias
817 1705 951 1735 noscant
974 1704 1138 1737 iustorum.

830 1788 902 1822 XV.

313 1855 475 1888 Conserva
499 1864 560 1896 me,
588 1855 808 1887 conservatrix

310 1904 348 1937 In
373 1906 407 1935 te
431 1913 558 1944 semper
582 1904 790 1945 sperantium,

310 1951 428 1991 Maria,
455 1952 692 1984 remuneratrix

310 2000 431 2041 Magna
454 2001 610 2033 bonorum
634 2000 783 2034 omnium.

312 2087 468 2131 Omnium,
498 2096 579 2128 quae
596 2089 679 2125 sunt,
704 2085 844 2127 fuerunt,

310 2135 363 2168 Ad
390 2136 464 2167 Iesu
490 2136 611 2167 cultum
637 2135 769 2167 redacta

310 2184 373 2216 Per
395 2186 429 2214 te
451 2183 576 2223 florent,
603 2181 791 2225 floruerunt,

309 2232 502 2265 Recreatrix
527 2241 611 2264 nova
635 2230 731 2267 faeta.

917 1858 973 1890 84.
999 1857 1112 1891 Facta.
1136 1858 1278 1898 inquam,
1304 1860 1487 1894 restitutrix

998 1906 1199 1938 Hereditatis
1225 1907 1396 1951 caelorum,

1001 1953 1204 1986 Consolatrix
1231 1958 1263 1986 et
1287 1956 1441 2003 adiutrix,

998 2002 1113 2043 Maria,
1139 2012 1215 2035 mox
1238 2004 1439 2040 miserorum.

919 2089 974 2122 85.
1001 2089 1194 2122 Miserorum
1218 2092 1422 2132 peccantium

998 2138 1090 2178 Auge
1115 2139 1162 2170 sio
1185 2138 1400 2185 infirmitates,

999 2186 1091 2226 Quod
1115 2195 1175 2226 per
1198 2188 1265 2220 tale
1287 2192 1466 2225 remedium

998 2233 1194 2275 Relinquant
1217 2237 1415 2278 iniquitates

571 2320 626 2353 86.
654 2319 704 2351 Ita
730 2320 832 2350 testor
858 2320 1047 2362 castigatum

653 2367 710 2399 Me
735 2375 852 2399 vacare
876 2377 953 2402 suae
976 2369 1066 2402 laudi

653 2415 700 2448 Et
723 2418 771 2458 tu,
796 2416 867 2470 Ma·
