1655 2726
646 106 905 142 *177—

109 200 192 233 868.
207 199 306 233 Dicta
332 201 374 233 de
398 203 442 239 te,
469 202 559 236 faeta
581 213 640 245 per
665 206 698 236 te

203 248 353 282 Humano
379 250 464 283 bona
489 253 610 293 generi,

203 297 234 329 A
260 297 378 339 linguis
404 300 526 332 cunctis
552 303 666 341 aperte

207 345 303 378 Haud
328 347 437 379 valent
463 348 560 389 plene
587 348 713 383 disseri.

807 206 887 240 869.
902 206 1028 239 Disseri
1055 207 1161 239 cuncti
1186 211 1347 247 nequeunt

901 255 987 287 Tuas
1012 255 1247 298 miserationes,

902 303 1022 343 Quibus
1048 303 1091 336 ad
1117 303 1214 336 vitam
1239 303 1377 335 redeunt

900 351 1027 383 Multae
1052 353 1285 392 generationes.

463 426 543 460 8¹70.
558 427 712 460 Rationes
740 428 780 460 de
804 430 950 469 tempore

557 476 622 508 Pro
646 484 703 508 reo
728 476 835 509 solvas
860 476 997 520 homine,

557 523 617 563 Qui
643 524 743 557 servit
771 525 878 563 corde,
903 533 1048 567 corpore,

556 571 674 612 Maria,
701 572 762 605 tibi
789 573 946 607 dominae.

678 659 875 695 LXXXVII.

112 726 192 760 871.
208 725 347 758 Domine
372 726 459 759 Deus
485 727 608 770 salutis,

210 775 272 807 Per
297 775 410 807 matris
438 778 511 807 tuae
534 779 699 816 precatum

209 822 328 855 Gravis
353 832 443 855 meae
468 823 644 857 iuventutis

208 870 258 903 Ne
283 872 466 904 recorderis
493 874 627 905 reatum.

113 950 193 982 872.
209 948 347 981 Beatum
372 949 509 981 multum
534 951 568 982 et
592 958 723 992 gravem

207 996 300 1029 Vitae
327 1005 418 1029 meae
447 998 646 1037 praeteritae

207 1044 289 1077 Dele
314 1043 423 1077 ferens
451 1045 531 1077 caeli
558 1046 692 1087 elavem,

205 1092 376 1126 Inventrix
401 1093 470 1126 ovis
496 1094 656 1133 perditae.

111 1172 192 1206 873.
210 1170 367 1204 Perditae
392 1173 467 1203 sunt
490 1179 599 1203 omnes
623 1171 733 1212 horae,

206 1219 246 1252 In
270 1219 387 1260 quibus
412 1221 447 1251 te
471 1228 536 1252 non
561 1219 677 1261 cogito,

208 1268 299 1301 Tunc
325 1268 409 1300 enim
435 1277 455 1300 a
480 1269 675 1309 temptatore

210 1316 305 1350 Motu
330 1317 443 1357 pulsor
467 1316 594 1350 illicito.

112 1395 192 1428 874.
208 1393 378 1434 Licitoque
402 1403 477 1426 mox
503 1394 602 1438 aperi,

210 1443 385 1475 Voluntate
410 1452 480 1475 sum
505 1443 681 1484 proximus,

209 1490 299 1535 Cum,
327 1491 446 1532 Maria,
472 1500 555 1532 pons
576 1489 685 1533 inferi,

206 1539 261 1573 Ad
287 1542 320 1571 te
345 1548 434 1573 meus
461 1542 510 1573 est
532 1539 666 1573 animus.

112 1617 193 1651 875.
208 1617 358 1658 Animus,
383 1617 524 1657 inquam,
550 1617 687 1650 hominis

207 1665 266 1706 Qui
294 1668 336 1706 te,
363 1665 480 1709 Maria,
509 1665 640 1707 cogitat,

207 1714 318 1746 Vincit
344 1718 448 1747 motus
473 1714 632 1754 libidinis,

204 1763 288 1803 Quia
311 1763 404 1796 Iesus
429 1763 515 1796 hune
538 1763 660 1798 visitat.

110 1843 190 1876 876.
208 1841 329 1874 Visitat
352 1841 444 1875 Iesus
467 1841 635 1885 Dominus,

205 1890 267 1931 Qui
292 1890 404 1922 visitat
428 1893 472 1933 te⁷
498 1890 617 1930 Maria,

205 1939 271 1972 Sed
297 1938 453 1979 relinquit
477 1939 563 1972 hunc
586 1940 746 1982 protinus,

208 1987 305 2021 Cuius
330 1987 373 2021 ad
400 1991 433 2020 te
459 1997 521 2021 non
550 1990 599 2020 est
622 1988 684 2022 via.

110 2067 191 2102 877.
208 2066 270 2100 Via
293 2066 453 2108 siquidem
480 2075 513 2099 es
535 2067 632 2107 vitae,

206 2117 295 2157 Quae
321 2116 388 2148 vita
412 2116 504 2149 Iesus
532 2116 686 2158 creditur,

210 2164 271 2205 Qui
297 2173 373 2205 ergo
400 2167 432 2197 te
456 2165 584 2205 quaerit
608 2165 683 2204 rite⁷

210 2212 286 2247 Vita
313 2213 404 2246 Iesus
429 2212 504 2246 huie
527 2213 680 2255 iungitur.

797 728 874 761 878.
890 727 1037 768 Iungitur
1063 731 1095 760 et
1118 728 1156 767 is,
1183 727 1300 767 Maria,

891 775 1036 816 Principi
1063 777 1311 816 daemoniorum,

890 824 988 857 Vitae
1014 824 1101 857 cuius
1127 833 1189 857 non
1217 833 1250 856 es
1277 825 1339 867 via,

892 872 962 904 Nee
987 874 1036 904 est
1059 873 1094 905 in
1118 873 1202 905 libro
1229 873 1385 907 vivorum.

798 951 878 983 879.
896 949 1050 983 Vivorum
1074 951 1192 982 etenim
1219 950 1317 983 vitam

891 997 1012 1030 Amisit
1036 998 1070 1030 in
1095 999 1207 1030 mundi
1234 999 1295 1039 via,

894 1045 975 1085 Quia
999 1046 1084 1079 viam
1111 1046 1296 1087 expeditam

892 1093 967 1126 Non
993 1094 1153 1135 quaesivit
1177 1097 1220 1136 te,
1245 1095 1363 1129 Maria.

797 1171 1008 1215 880.Maria‚
1036 1171 1089 1204 via
1114 1172 1252 1215 virtutis,

892 1219 1071 1261 Exquiram
1095 1222 1129 1251 te
1153 1220 1303 1260 sollicite,

892 1267 943 1300 Ne
967 1268 1103 1308 perdam
1130 1269 1228 1301 vitam
1255 1268 1378 1311 salutis,

894 1316 987 1349 Salus
1013 1317 1139 1349 animae
1163 1317 1323 1357 perditae.

798 1394 878 1429 881.
894 1394 1048 1427 Perditae
1073 1396 1157 1435 sunt,
1186 1394 1344 1437 existimo,

894 1442 1032 1475 Animae
1057 1445 1089 1474 te
1115 1452 1178 1475 non
1204 1445 1406 1486 quaerenteS,

894 1490 960 1524 Sed
986 1491 1020 1523 in
1045 1491 1100 1523 die
1123 1491 1297 1524 novissimo

890 1538 1057 1573 Ridebunt
1081 1543 1114 1572 te
1138 1548 1223 1572 nune
1249 1540 1404 1573 colentes,

796 1618 878 1652 882.
894 1617 1042 1650 colentes
1069 1621 1101 1650 te
1125 1618 1234 1651 Iesum
1261 1617 1381 1657 colunt,

891 1665 937 1699 Et
961 1675 1026 1707 pax
1053 1670 1103 1699 est
1126 1667 1160 1698 in
1187 1667 1300 1699 horum
1326 1667 1429 1708 dom0‚

893 1714 1051 1748 Mundum
1057 1714 1181 1755 nolunt,
1190 1714 1313 1748 eaelum
1319 1716 1432 1747 volunt

894 1763 956 1803 Qui
979 1766 1014 1795 te
1039 1764 1126 1808 colit,
1153 1763 1235 1796 felix
1259 1764 1366 1797 homo.

1433 1743 1440 1759 2

798 1842 878 1876 883.
892 1843 1008 1885 Homo,
1037 1842 1091 1882 qui
1116 1844 1150 1874 te
1172 1841 1334 1884 habuerit,

894 1891 1043 1924 Iunctum
1068 1891 1138 1923 Deo
1164 1899 1199 1923 se
1222 1891 1361 1934 noverit,

895 1939 960 1973 Sed
987 1941 1041 1981 qui
1065 1942 1099 1972 te
1125 1940 1317 1981 deseruerit,

893 1988 939 2022 Et
963 1988 1055 2021 illum
1080 1988 1169 2021 Deus
1197 1988 1327 2020 deserit.

799 2068 880 2101 884.
895 2066 1027 2101 Deserit
1053 2066 1106 2099 hic
1132 2065 1311 2108 daemonia,

894 2115 1027 2149 Deserit
1052 2124 1177 2156 quoque
1201 2114 1281 2147 vitia

895 2164 957 2204 Qui
981 2166 1014 2196 te
1038 2166 1127 2196 tenet
1152 2163 1317 2209 memoria,

894 2212 1011 2256 Maria,
1039 2212 1116 2246 iusti
1141 2211 1258 2254 gloria.

458 2292 537 2326 885.
555 2289 670 2325 Gloria
694 2290 869 2323 ineffabilis

555 2339 640 2382 Tibi,
668 2340 787 2380 Maria,
813 2339 940 2382 iugiter,

555 2390 624 2431 Qua
650 2397 728 2431 gens
754 2389 999 2423 innumerabilis

556 2437 725 2472 Gloriatur
750 2437 902 2473 feliciter.

162 2501 184 2526 D
191 2507 221 2524 re
228 2506 243 2524 v
249 2506 262 2524 e
269 2506 281 2523 s
289 2517 295 2528 .
312 2499 437 2523 Psalteria
453 2498 610 2528 Rhythmica.
644 2497 679 2521 11.

1233 2492 1268 2523 12
