1655 2726
767 171 1030 206 -166—

238 272 319 305 670.
334 271 439 303 Visita
463 279 524 311 me,
550 268 722 311 visitatrix,
929 268 1008 300 675.
1024 264 1197 307 Magnifico
1221 265 1291 297 laus
1317 263 1394 303 filio,

333 318 501 351 Visitando
524 317 637 349 iuvans
663 316 753 358 satis,
1023 313 1082 352 Qui
1108 317 1140 344 te
1165 315 1300 345 matrem
1324 309 1516 352 praeelegit,

335 366 423 405 Quae
449 366 591 398 dolorum
619 364 797 404 mitigatrix
1024 361 1133 401 Teque
1157 360 1270 393 laudet
1295 368 1364 392 cum
1392 357 1519 398 gaudio,

334 413 416 447 Fers
442 413 584 445 effectum
614 411 772 444 sanitatis,
1024 407 1222 449 Quicumque
1246 407 1305 441 sub
1332 416 1368 439 eo
1395 405 1493 445 degit.

239 492 317 525 671.
333 490 486 523 Sanitatis
511 489 714 527 medicinam,
929 488 1009 521 676.
1023 486 1120 527 Degit
1144 485 1272 517 saeculo
1299 491 1448 524 corpore,

334 539 359 572 O
385 538 502 579 Maria,
529 536 704 578 protulisti,
1025 534 1090 567 Sed
1116 534 1214 565 corde
1240 531 1337 565 caelis
1361 531 1490 564 habitat

331 587 396 619 Per
409 595 501 627 quam
515 585 640 626 plagam
652 583 869 625 serpentinam
1025 581 1141 624 Homo,
1169 581 1225 621 qui
1249 581 1336 613 omni
1360 583 1507 619 tempore

332 634 499 667 Radicitus
525 632 683 665 amovisti.
1025 629 1155 662 Laudes
1181 628 1308 663 Mariae
1333 628 1460 660 recitat.

236 713 316 745 672.
332 711 492 744 Amovisti
517 710 728 749 daemonium,
930 709 1009 743 677.
1024 708 1155 741 Recitat
1178 707 1255 740 hinc
1280 710 1313 740 et
1337 716 1372 740 os
1398 715 1505 738 meum

334 759 393 798 Qui
419 758 575 800 regnabat
599 757 633 789 in
658 756 787 789 homine
1025 756 1113 789 Tuae
1135 755 1242 789 laudis
1267 755 1416 797 insignia,

333 808 402 840 lam
426 808 459 839 in
484 806 568 838 libro
594 805 768 838 viventium
1024 804 1070 837 Ut
1097 807 1285 846 praesentes
1311 807 1387 836 ante
1411 803 1515 835 Deum

330 855 399 887 Tuo
424 855 545 895 scripto
571 854 765 894 precamine.
1027 852 1143 885 Gordis
1168 852 1232 884 mei
1258 852 1409 894 suspiria.

236 935 318 967 673.
335 932 522 965 Precamine
546 934 657 963 sancto
683 934 737 963 tuo
930 932 1011 964 678.
1027 929 1175 971 Suspiria
1200 939 1265 961 non
1292 929 1471 962 ascendunt

331 980 501 1013 Dolentem
527 980 618 1012 Iesus
644 979 756 1012 audiat
1025 978 1079 1011 Ad
1105 979 1256 1011 thronum
1280 979 1368 1010 vitae
1393 977 1556 1018 perennis,

331 1029 376 1061 Et
399 1029 433 1061 in
459 1027 593 1060 salutari
617 1036 674 1060 suo
1026 1026 1107 1070 Nisi,
1136 1036 1218 1067 quae
1243 1026 1332 1066 prius
1357 1025 1532 1058 intendunt

336 1076 392 1109 Me
416 1085 590 1117 pauperem
616 1075 780 1117 suscipiat.
1026 1075 1064 1107 1n
1090 1079 1132 1107 te.
1161 1075 1309 1115 praelata
1332 1074 1498 1107 sollennis.

240 1156 320 1188 674.
336 1153 498 1194 Suscipiat
523 1155 554 1184 et
580 1153 697 1185 caritas
933 1154 1011 1187 679.
1028 1152 1188 1185 Sollennis
1215 1161 1290 1192 ergo
1316 1152 1534 1194 praeventrix,

333 1202 412 1243 Tua,
439 1202 539 1244 virgo,
568 1201 653 1240 quod
679 1200 836 1241 supplico,
1030 1200 1119 1240 Quae
1145 1201 1316 1240 praevenis
1340 1201 1374 1232 in
1399 1200 1515 1244 gratia,

334 1249 525 1289 Laudesque
550 1257 637 1281 meas
663 1249 800 1289 placitas
1028 1248 1146 1289 Maria,
1176 1248 1219 1280 sis
1245 1248 1462 1281 interventrix

334 1298 465 1330 Reddat
489 1297 556 1336 regi
583 1296 763 1338 magnifico.
1028 1296 1091 1329 Pro
1117 1306 1168 1328 me
1196 1306 1321 1329 sursum
1347 1297 1380 1329 in
1407 1297 1520 1338 glor-ia.

590 1374 669 1407 680.
687 1373 799 1406 Gloria
823 1373 894 1414 tibi,
920 1373 1037 1412 Maria,

685 1422 754 1461 Qua
777 1419 816 1452 fit
840 1430 950 1453 rursus
975 1423 1082 1454 rectus
1107 1431 1192 1460 reus,

686 1469 793 1508 Cuius,
819 1478 946 1510 precor,
971 1478 1069 1509 prece
1092 1471 1146 1511 pia

686 1518 851 1550 Peccatori
877 1520 991 1557 parcat
1014 1518 1113 1552 Deus.

843 1604 962 1637 LXIX.

243 1672 435 1716 681 Deus,
462 1674 495 1705 in
522 1672 715 1704 adiutorium
936 1673 1111 1706 685.Eam
1138 1676 1169 1706 et
1195 1677 1231 1706 tu
1257 1675 1298 1707 de
1324 1679 1431 1709 cetero

338 1721 445 1753 Meum
474 1721 554 1753 velis
579 1720 758 1762 intendere,
1030 1721 1146 1755 Serves
1173 1732 1244 1754 cum
1271 1723 1448 1765 diligentia,

341 1769 404 1800 Per
429 1769 554 1801 Mariae
579 1768 774 1810 suffragium,
1029 1770 1094 1803 Pro
1120 1780 1191 1814 qua,
1215 1771 1334 1811 Maria,
1361 1772 1469 1805 refero

339 1816 426 1856 Quae
450 1817 568 1848 meruit
591 1819 624 1847 te
648 1825 779 1858 parere.
1029 1817 1105 1851 Tibi
1129 1819 1258 1851 laudem
1285 1828 1355 1853 cum
1380 1822 1495 1863 gloria.

246 1894 326 1927 682.
343 1894 461 1925 Parere
486 1896 528 1934 te,
556 1892 656 1933 virgo,
684 1892 845 1925 Christum
937 1895 1016 1929 686.
1033 1895 1146 1928 Gloria
1169 1897 1230 1929 tibi
1256 1907 1417 1941 suprema,

338 1940 403 1973 Res
429 1939 489 1972 fuit
515 1941 706 1983 necessaria,
1031 1943 1056 1975 Ο
1080 1944 1197 1983 Maria,
1223 1945 1298 1978 Iesu
1323 1951 1435 1987 mater,

345 1989 393 2022 Ut
416 1989 580 2021 salvarent
603 1990 755 2021 mundum
781 1990 878 2022 istum
1032 1992 1205 2033 Primaque
1229 1994 1300 2027 laus
1326 1999 1356 2028 et
1384 2000 1530 2031 extrema

342 2037 421 2069 Nati
447 2037 532 2077 passi
558 2037 721 2075 mysteria.
1030 2038 1128 2084 Filio,
1156 2042 1207 2073 cui
1232 2042 1319 2076 Deus
1345 2048 1449 2085 pater.

249 2115 329 2148 683.
342 2114 503 2155 Mystcria
527 2113 573 2145 tui
598 2117 711 2153 partus
939 2117 1017 2150 687.
1036 2116 1133 2150 P-ater
1157 2122 1276 2163 noster,
1304 2123 1358 2163 qui
1381 2123 1416 2155 in
1443 2124 1540 2157 caelis

342 2162 523 2195 Ineffabilia
545 2165 685 2203 manent,
1032 2165 1176 2206 Imperat
1199 2177 1313 2209 regens
1339 2172 1456 2214 omnia,

345 2211 397 2242 Ad
424 2219 505 2251 quae
522 2219 633 2242 sensus
650 2213 760 2242 noster
778 2213 879 2252 ortus,
1035 2214 1097 2246 Per
1122 2218 1154 2247 te
1178 2225 1274 2249 manu
1299 2219 1471 2253 Michaelis

343 2259 482 2298 Quorum
511 2258 646 2290 virtutes
671 2267 729 2290 nos
755 2263 878 2294 sanent.
1031 2262 1164 2296 Animas
1190 2265 1308 2299 lustrat
1333 2269 1446 2309 gloria.

249 2337 329 2370 684.
346 2335 466 2391 Sanent
491 2339 523 2368 et
545 2339 668 2391 mentes
694 2336 865 2381 hominum,
940 2339 1018 2373 688.
1035 2339 1147 2374 Gloria
1171 2343 1242 2386 tibi,
1269 2344 1388 2390 Maria,

343 2384 401 2424 Qui
427 2387 585 2438 quaerunt
610 2393 747 2416 ammam
765 2393 876 2429 meam,
1031 2388 1171 2423 Materia
1196 2402 1331 2434 magnae
1356 2396 1475 2436 laudis,

341 2433 404 2465 Per
428 2437 474 2473 te,
500 2442 612 2474 regma
636 2433 806 2474 virginum,
1034 2436 1121 2476 Quae
1144 2440 1285 2473 libenter
1310 2453 1388 2477 aure
1411 2446 1469 2485 pia

339 2480 385 2514 Ut
408 2482 539 2514 laedere
565 2484 691 2514 cessent
716 2490 796 2515 eam.
1028 2485 1082 2519 Ad
1107 2490 1141 2519 te
1166 2489 1342 2523 clamantes
1369 2492 1514 2527 exaudie-
