1655 2726
769 116 1031 151 —174-

242 215 482 249 817.Destruit
509 214 713 247 adversarius
934 215 1013 248 818.
1030 215 1171 248 Gloriam
1198 213 1275 245 dant
1301 220 1367 251 ora,
1394 212 1517 241 mentes

336 264 374 296 In
400 271 450 294 me
476 271 603 304 semper
628 262 851 305 substantiam,
1028 263 1111 306 Tibi,
1138 264 1240 294 mater
1265 259 1402 301 egregia,

336 311 414 344 Cum
440 320 505 344 non
533 311 572 343 do
598 310 760 343 solitarius
1027 311 1114 351 Quae
1139 310 1198 342 tibi
1223 309 1403 349 aperientes

337 359 421 400 Tibi,
447 359 562 397 Maria,
590 359 735 399 gloriam.
1027 360 1069 392 Os
1095 368 1185 391 suum
1211 356 1316 398 reples
1341 354 1454 397 gratia.

590 436 668 469 819.
681 435 794 468 Gratia
819 439 885 479 tua,
912 436 1028 479 Maria,

683 483 737 516 Sic
761 493 916 525 aspergar
940 484 1011 524 ipse
1036 493 1119 522 reus,

686 532 731 565 Ut
753 533 785 564 in
813 533 899 564 omni
922 541 1047 564 mecum
1071 533 1126 564 via

681 580 754 612 Non
780 582 923 613 vertetur
947 580 1036 613 Iesus
1061 581 1159 613 Deus.

825 678 977 711 LXXXI.

238 745 318 778 820.
335 745 420 776 Deus
443 746 533 777 stetit
556 746 741 777 incarnatus
934 746 1013 778 823.
1030 745 1144 779 Obviet
1172 753 1257 785 ergo,
1284 743 1398 786 Maria,

334 793 372 825 In
396 795 498 836 utero,
526 794 624 834 virgo,
651 796 716 836 tuo,
1027 793 1098 825 Lux
1123 796 1179 825 tua
1203 793 1302 824 menti
1326 791 1472 830 miserae,

333 839 526 873 Laetificans
554 850 662 873 omnes
688 843 790 874 status
1026 842 1112 882 Quae
1138 841 1231 873 devio
1256 840 1289 873 in
1313 841 1374 872 hae
1398 839 1451 871 via

332 889 367 921 In
395 889 535 921 adventu
558 892 667 921 sancto
694 898 761 923 suo.
1027 890 1130 921 Recta
1155 888 1260 920 firmet
1284 889 1366 920 hano
1392 894 1561 927 prospere.

241 975 322 1008 821.
337 975 401 1008 Suo
426 977 516 1017 pacis
541 975 676 1016 imperio
932 976 1011 1009 824.
1028 978 1188 1016 Prospere
1213 975 1340 1016 quidem
1366 974 1510 1007 ambulat

334 1024 455 1056 Parent
481 1023 647 1056 confestim
673 1024 788 1064 omnia,
1024 1024 1094 1056 Tua
1118 1024 1297 1056 succinctus
1322 1023 1436 1065 gratia,

334 1071 439 1112 Cuius,
467 1075 580 1112 mater,
608 1071 747 1104 dominio
1025 1073 1129 1112 Isque,
1156 1071 1272 1112 Maria,
1299 1072 1438 1112 pullulat

329 1119 497 1161 Manoipes
523 1119 629 1152 cordis
657 1119 758 1152 devia.
1024 1122 1132 1153 Honos
1157 1129 1261 1152 mores
1286 1130 1355 1152 cum
1380 1120 1492 1160 gloria.

237 1206 434 1240 822.Devia
458 1216 547 1239 mens
573 1215 666 1246 quam
692 1207 801 1239 nescia
928 1207 1007 1240 825.
1024 1207 1135 1239 Gloria
1160 1206 1330 1239 ineffabilis

331 1254 492 1293 Quaerere
516 1255 622 1287 Iesum
646 1254 778 1296 nesciet,
1021 1255 1106 1295 Tibi,
1133 1255 1250 1297 Maria,
1277 1255 1402 1298 iugiter,

330 1302 403 1334 Nisi
427 1302 489 1334 sibi
513 1303 548 1334 in
572 1302 659 1334 invia
1022 1302 1090 1341 Qua
1116 1311 1193 1343 gens
1218 1303 1460 1336 innumerabilis

331 1350 402 1382 Tua
427 1350 558 1383 claritas
584 1350 701 1383 obviet.
1023 1350 1187 1383 Gloriatur
1212 1349 1361 1384 feliciter.

811 1446 980 1479 LXXXII.

237 1514 316 1546 826.
333 1512 429 1556 Deus,
457 1515 527 1554 quis
555 1514 614 1546 tibi
641 1514 764 1557 similis,
930 1514 1009 1547 828.
1025 1515 1248 1555 Tyrannorum
1274 1518 1308 1548 lu
1334 1517 1451 1558 capita,

327 1561 476 1605 Faciens,
503 1563 587 1603 quod
613 1562 758 1595 inimicos
1023 1563 1143 1595 Mulier
1168 1566 1289 1605 sancta,
1317 1565 1446 1605 trivisti,

333 1609 448 1641 Puella
471 1611 550 1642 vicit
574 1608 726 1643 humilis?
1023 1611 1093 1643 Tua
1116 1614 1207 1643 tanta
1231 1616 1307 1644 sunt
1331 1613 1458 1653 merita,

331 1657 584 1691 Praedicandum
609 1658 670 1690 hoc
689 1667 747 1697 per
766 1663 862 1690 vicos.
1024 1660 1112 1698 Quod
1132 1659 1301 1700 Seraphim
1320 1663 1560 1697 transcendisti.

238 1745 318 1778 827.
334 1745 398 1776 Per
423 1744 511 1777 vicos
537 1745 729 1777 habitabiles
928 1746 1007 1779 829.
1023 1747 1267 1779 Transcendisti
1293 1749 1335 1781 ad
1361 1750 1513 1790 gaudium

333 1792 515 1836 civitatum,
543 1793 733 1833 oppidorum
1023 1795 1142 1828 Christi
1162 1795 1248 1833 Iesu,
1276 1798 1345 1829 nati
1369 1798 1427 1839 tui,

329 1841 430 1872 Actus
456 1842 503 1873 tui
527 1841 705 1873 laudabiles
1023 1843 1069 1876 Ut
1096 1843 1152 1875 des
1184 1843 1275 1876 nobis
1301 1855 1389 1878 reme
1399 1846 1486 1878 dium

332 1888 464 1932 Micam,
491 1889 609 1921 victrix
634 1892 853 1929 tyrannorum.
1020 1891 1123 1923 Facta
1147 1892 1299 1934 princeps
1325 1895 1415 1936 regni
1442 1896 1501 1929 sui.

577 1977 657 2010 830.
676 1975 731 2007 Sui
754 1985 827 2017 ergo
852 1976 980 2017 imperii

674 2024 869 2064 Imperatrix
891 2027 923 2056 et
947 2025 1103 2070 perfecta,

673 2072 791 2105 Munus
820 2073 886 2104 eius
914 2074 955 2105 da
980 2076 1098 2117 gaudii,

674 2120 698 2153 O
725 2121 842 2161 Maria,
870 2131 964 2162 quam
991 2124 1118 2157 dilecta.

790 2218 994 2253 LXXXIII.

233 2286 313 2319 831.
328 2286 427 2326 Quam
455 2286 583 2328 dilecta,
611 2285 699 2326 virgo
727 2288 825 2327 reeta,
922 2289 1001 2322 832.
1017 2270 1138 2322 &utum
1163 2291 1226 2324 Dei
1251 2295 1474 2333 praesentiens

326 2336 356 2366 A
382 2334 519 2367 Domino
544 2333 583 2366 fis
608 2333 772 2375 virtutum,
1016 2339 1164 2372 Humano
1190 2349 1303 2375 carens
1330 2344 1487 2384 exemplo,

329 2383 426 2423 Quam
454 2383 566 2424 electa,
599 2390 692 2422 quam
718 2381 864 2422 perfecta
1019 2387 1096 2419 Sine
1121 2389 1247 2422 macula
1272 2392 1417 2424 serviens

327 2429 391 2463 Per
415 2430 546 2464 Domini
571 2429 657 2463 facta
681 2434 801 2463 nutum.
1017 2435 1086 2469 Deo
1112 2438 1263 2470 manebas
1285 2440 1319 2472 in
1344 2440 1478 2480 templo.
