1655 2726
143 190 200 223 29.

143 519 199 553 30.

143 851 202 884 31.

141 1182 197 1214 32.

144 1512 199 1544 33.

142 1843 199 1876 34.

144 2186 199 2219 35.

675 93 912 129 *63—

228 189 353 231 Gaude,
374 192 474 233 virgo,
495 202 578 233 quae
594 193 765 226 attendens

226 239 346 280 Legem
372 239 436 272 Dei
461 250 523 273 nec
549 242 748 274 descendens

275 287 368 321 Infra
393 289 474 329 legis
499 291 631 331 monita,

226 335 336 369 Verba
361 336 424 368 Dei
451 338 612 370 exaudisti

226 384 272 416 Et
297 393 336 417 ex
363 388 437 418 voto
463 386 639 426 implevisti

274 432 383 466 Etiam
410 442 474 466 non
499 434 615 467 indita.

229 519 354 561 Gaude,
385 521 510 553 ethicae
535 521 699 562 magistra,

227 569 360 612 Parens,
389 570 499 602 nutrix
526 573 558 601 et
583 570 732 603 ministra

278 617 464 650 Conditoris
490 617 643 659 siderum,

227 666 258 697 A
284 675 346 706 quo
371 666 469 707 longe
491 669 565 698 sunt
583 667 766 706 mendaces,

226 714 454 755 Fraudulenti,
483 717 697 756 contumaces,

274 762 459 795 Intentores
484 763 653 797 scelerum.

230 850 354 893 Gaude,
370 851 526 892 templum
540 850 763 891 sanctumDei,

227 899 319 940 Quod
345 907 405 931 nec
430 903 541 941 gentes
563 907 622 931 nec
640 899 764 942 Iudaei,

276 947 565 989 Quantumcunque
579 947 764 991 fremerent,

223 997 404 1029 Potuerunt
430 1005 626 1038 expugnare,

226 1045 322 1077 Licet
349 1044 416 1077 eius
441 1044 601 1077 luminare

276 1093 331 1125 Ad
361 1095 490 1133 tempus
514 1093 765 1133 exstinguerent.

226 1179 351 1223 Gaude,
378 1180 482 1222 virgo,
508 1182 566 1211 tua
590 1187 689 1221 prece

225 1228 293 1261 Nos
319 1228 360 1261 ab
387 1228 472 1260 omni
499 1228 632 1260 mundet
658 1227 749 1260 faece

272 1276 452 1310 Deferente
478 1276 591 1319 gratia,

226 1325 331 1366 Super
358 1324 532 1357 Cherubim
558 1326 611 1366 qui
637 1325 740 1365 sedet,

225 1374 286 1415 Qui
313 1376 482 1414 componat
508 1376 606 1414 atque
631 1374 725 1406 sedet

275 1422 423 1455 Omnium
451 1422 595 1457 consilia.

230 1510 355 1551 Gaude,
381 1510 523 1542 adiutori
547 1513 659 1542 nostro

229 1560 267 1592 In
294 1558 450 1590 virtutum
476 1559 608 1598 placens
635 1561 732 1601 osii-0,

277 1606 403 1651 Gaude,
430 1606 669 1648 tympanistria,

230 1654 385 1689 Psalterii
409 1655 583 1688 melodiam

226 1704 273 1737 Et
297 1704 442 1736 citharae
466 1704 689 1744 symphoniam

276 1752 403 1786 Tenens
430 1753 464 1785 in
491 1752 675 1786 concordia.

229 1841 352 1885 Gaude,
380 1842 504 1874 nullum
532 1840 572 1874 de
599 1841 730 1874 caducis

230 1890 345 1924 Casum
370 1890 497 1931 timens,
534 1893 639 1923 mater
666 1889 766 1933 ducis,

276 1939 373 1973 Cuius
400 1938 592 1971 eminentiae

228 1987 347 2021 Subest
372 1989 475 2020 omnis
499 1996 672 2031 synagoga,

226 2037 277 2069 Tu
301 2046 362 2078 pro
386 2037 480 2069 nobis
507 2046 580 2070 eum
605 2045 695 2079 roga,

275 2084 326 2119 Ne
351 2094 410 2118 nos
438 2086 553 2119 caedat
579 2085 685 2120 anxie.

229 2182 354 2228 Gaude,
383 2186 487 2216 mater
512 2183 597 2225 regis
623 2181 742 2224 magni,

227 2232 428 2266 Protectoris
454 2241 518 2265 non
544 2231 685 2272 tyranni,

276 2281 374 2323 Regis
398 2280 613 2321 admirabilis,

230 2330 348 2363 Nullus
374 2331 478 2363 maior
503 2330 556 2363 vel
581 2329 736 2371 aequalis,

228 2380 319 2413 Inter
344 2388 455 2412 omnes
480 2380 589 2414 nullus
613 2378 702 2419 talis,

277 2427 394 2465 Nullus
421 2429 450 2461 ei
475 2428 600 2464 similis,

838 193 894 226 36.

838 522 893 555 37.

838 852 894 885 38.

838 1179 894 1213 39.

838 1511 893 1543 40.

839 1842 896 1875 41.

842 2184 898 2216 42.

923 192 1046 234 Gaude,
1074 202 1167 234 quam
1196 191 1313 225 divinis
1339 192 1410 225 odis

921 242 1157 282 Prophetarum
1181 242 1292 273 multis
1317 240 1422 273 modis

967 290 1140 323 Extollunt
1164 290 1302 332 oracula,

920 338 1060 380 Protege
1085 346 1143 370 nos
1170 342 1202 370 et
1228 338 1352 370 directa

923 386 981 418 Via
1007 387 1130 427 perduc
1155 387 1198 419 ad
1225 386 1344 419 dilecta

968 434 1030 467 Dei
1056 435 1274 468 tabernacula.

923 521 1045 565 Gaude,
1065 531 1175 562 verme,
1194 531 1354 562 nunquam
1371 519 1455 563 ficta,

921 570 1045 611 Gaude,
1071 573 1160 602 terra
1186 570 1366 610 benedicta,

970 619 1141 651 Praedium
1168 616 1295 659 refugii,

921 667 1020 700 Cuius
1045 666 1187 708 pretioso
1213 665 1322 698 fructu

920 717 950 748 A
976 716 1162 755 primaevae
1184 715 1297 747 matris
1323 715 1412 746 luctu

969 763 1166 796 Liberantur
1190 763 1260 797 filii.

922 850 1061 894 [cauda
1090 851 1190 891 virgo,
1217 850 1287 883 iure
1313 850 1443 892 gaudes,

919 900 996 933 Iure
1020 902 1130 931 cantas
1157 899 1218 931 Dei
1245 899 1358 931 laudes

967 947 1013 979 Et
1036 947 1288 991 misericordias,

921 996 981 1035 Qui
1007 999 1039 1028 te
1064 998 1200 1028 matrem
1226 995 1288 1027 Dei
1313 993 1400 1033 fecit,

922 1044 1039 1077 Omnes
1066 1044 1124 1076 tibi
1151 1045 1205 1084 qui
1231 1043 1369 1076 subiecit

969 1091 1097 1124 Saeculi
1120 1089 1309 1135 potentias]

922 1178 1047 1221 Gaude,
1073 1179 1176 1220 virgo,
1201 1187 1284 1220 quae
1309 1178 1436 1211 divinas

920 1227 1043 1260 Flectis
1069 1236 1165 1259 aures
1193 1230 1224 1259 et
1250 1227 1394 1259 declinas

968 1276 1022 1308 Ad
1051 1275 1222 1308 clamorem
1246 1284 1439 1318 pauperum,

921 1324 988 1356 Nos
1013 1324 1046 1357 in
1073 1327 1185 1357 sancta
1209 1327 1404 1365 paupertate

922 1373 992 1405 Tua
1016 1382 1148 1405 servans
1173 1372 1328 1412 bonitate,

970 1421 1085 1454 Redde
1110 1421 1218 1454 choris
1244 1430 1406 1462 superum.

924 1508 1048 1550 Gaude,
1076 1517 1157 1549 quae
1182 1509 1215 1541 in
1242 1508 1319 1541 Sion
1344 1507 1446 1548 portis

923 1557 1131 1590 Persistendo
1158 1557 1261 1598 portis
1288 1558 1400 1589 mortis

971 1606 1175 1646 Impugnasti
1199 1604 1341 1644 fortiter,

926 1653 1073 1687 Civitatis
1102 1654 1160 1687 Dei
1189 1655 1316 1687 demum

924 1701 1107 1736 Pervenisti
1134 1703 1175 1735 ad
1199 1712 1380 1743 supremum

971 1751 1187 1792 Triumphans
1213 1752 1411 1785 sollenniter.

924 1840 1049 1876 Gaude,
1079 1840 1177 1881 virgo,
1205 1849 1299 1881 quam
1326 1840 1438 1872 salutis

923 1890 1029 1922 Dator
1053 1888 1143 1922 Deus
1169 1888 1202 1921 in
1229 1889 1359 1921 virtutis

973 1937 1104 1971 Extulit
1128 1936 1271 1979 fastigio,

924 1986 999 2019 Sive
1027 1989 1121 2019 nocte
1147 1986 1216 2019 sive
1243 1986 1296 2018 die

925 2035 980 2068 Ad
1005 2038 1039 2067 te
1064 2035 1204 2067 clament
1228 2034 1384 2075 theoriae,

972 2085 1030 2117 Me
1053 2084 1182 2117 illustra
1208 2084 1311 2117 radio.

927 2182 1051 2224 Gaude,
1078 2181 1191 2213 mundi
1217 2181 1418 2221 imperatrix,

925 2230 1035 2265 Plebis
1062 2232 1137 2262 tuae
1163 2229 1394 2274 conservatrix,

971 2279 1026 2312 Ad
1053 2288 1148 2319 quam
1174 2278 1335 2319 sapientia

925 2328 967 2361 Se
992 2337 1057 2361 non
1082 2328 1151 2360 sola
1175 2326 1310 2369 visione,

924 2376 990 2410 Sed
1015 2376 1165 2409 convictu
1190 2379 1224 2409 et
1246 2385 1406 2417 personae

973 2424 1117 2458 Contulit
1140 2426 1338 2468 praesentia.
