1655 2726
740 126 975 162 „26—

346 225 409 257 Per
433 226 582 257 virtutem
607 225 745 267 parvuli,
984 227 1084 260 Porta
1106 226 1167 258 soli
1191 229 1307 266 patens
1334 225 1417 266 duci,

343 274 407 306 Hic
431 274 471 305 ab
498 277 570 305 ortu
594 274 714 305 saeculi
983 274 1045 307 Per
1070 283 1162 314 quam
1186 274 1272 306 vitae
1299 273 1364 306 dux
1390 271 1502 304 reduci

296 321 441 363 Regnum
454 321 568 362 patris,
579 323 828 362 quodpromisit,
1033 322 1110 355 Vult
1130 331 1205 354 oves
1231 323 1272 355 ad
1298 329 1427 362 pascua,

296 369 481 402 Benedictis
506 369 570 402 iam
598 370 708 402 divisit
1032 370 1120 403 Perit
1144 370 1232 411 virgo
1258 369 1347 402 fatua

346 419 384 451 In
409 420 496 450 sorte
520 415 665 451 funiculi.
983 419 1045 452 Per
1070 418 1154 451 hanc
1178 421 1304 458 portam
1328 415 1502 454 introduci,

983 466 1033 499 Ne
1057 467 1200 506 proiecta
1223 465 1369 498 flammae
1397 464 1478 496 truci

215 497 271 529 45.
297 497 379 535 Ave,
406 504 464 534 per
488 504 580 534 quam
610 495 763 528 derelicto
1030 514 1160 547 Tradat
1183 514 1308 555 lampas
1335 522 1444 546 vacua·

297 543 466 575 Trinitatis
493 551 532 574 ex
557 543 703 576 condicto

346 590 539 624 Subvenitur
563 591 709 633 pauperi,

298 639 368 671 Nec
392 647 427 671 se
449 639 552 680 patris
577 648 636 680 pro
663 639 780 671 delicto

300 688 408 721 Primo
433 688 552 719 laesam
577 687 750 719 maledicto

344 735 448 767 Terra
472 739 579 775 potest
603 735 764 776 conqueri,

348 783 432 815 Dum
457 784 619 823 respirant
641 782 740 815 inferi

297 831 405 864 Morte
430 831 542 863 mortis
567 839 642 872 rege
668 831 762 870 victo,

296 879 341 912 Et
368 879 409 910 de
433 878 541 911 fructu
566 879 733 911 benedicto

345 926 538 967 Saginantur
563 928 682 966 superi.

900 617 956 649 49.
983 617 1063 653 Ave,
1090 616 1191 656 virgo,
1219 616 1307 648 cuius
1334 614 1417 647 fetus

981 663 1020 695 In
1036 667 1069 695 te
1086 664 1233 707 complet,
1251 662 1407 704 quidquid
1424 663 1513 693 vetus

1029 711 1080 743 De
1104 720 1139 743 se
1163 712 1300 752 spondet
1325 712 1430 748 litera,

981 758 1021 792 In
1045 762 1079 791 te
1103 763 1212 791 vatum
1237 760 1312 792 silet
1337 762 1453 798 coetus,

982 807 1153 848 Postquam
1164 817 1262 848 agnus
1271 807 1511 839 hiemausuetus

1029 855 1150 887 Nostra
1174 856 1255 888 lavit
1279 856 1411 891 scelera,

1030 903 1243 936 Transierunt
1267 906 1385 943 vetera,

982 951 1057 984 Non
1075 955 1123 983 est
1142 952 1242 995 dolor,
1262 960 1325 983 non
1343 953 1393 982 est
1406 948 1511 992 fletus,

215 1006 271 1038 46.
297 1005 378 1045 Ave,
402 1012 461 1043 per
484 1012 576 1043 quam
604 1003 776 1043 compediti
985 999 1063 1032 Cum
1089 999 1151 1031 iam
1170 1004 1263 1041 sugat
1279 1008 1390 1031 servus
1408 999 1511 1031 laetus

297 1052 388 1085 Duce
412 1054 488 1084 nato
513 1060 549 1083 se
573 1051 688 1083 dimitti
1028 1047 1141 1079 Novae
1165 1048 1278 1079 matris
1303 1048 1413 1079 ubera.

346 1098 496 1131 Gaudent
519 1107 600 1139 pace
624 1099 764 1139 reddita,

297 1147 365 1180 Iam
391 1147 525 1178 subiecti
552 1147 623 1187 iugo
649 1147 729 1187 miti,
899 1148 953 1180 50.
979 1149 1060 1188 Ave,
1087 1148 1241 1188 splendor
1263 1149 1457 1188 angelorum,

297 1197 367 1229 Iam
393 1203 463 1226 cum
488 1195 575 1234 pullo
600 1203 697 1226 verae
721 1194 779 1226 viti
983 1196 1078 1228 Cuius
1105 1196 1185 1228 odor
1209 1200 1441 1238 unguentorum

347 1243 490 1275 Connexi
513 1252 574 1282 per
599 1243 723 1284 merita,
1027 1244 1218 1277 Ascendens
1245 1245 1285 1276 de
1308 1244 1433 1277 Libano

347 1291 442 1323 Patet
464 1290 545 1322 lucis
571 1291 694 1331 semita,
981 1291 1081 1324 Sedes
1107 1292 1224 1324 transit
1248 1292 1417 1335 seniorum,

298 1340 362 1372 Per
375 1347 468 1378 quam
484 1341 616 1370 currunt
627 1338 751 1370 nuncin
762 1338 826 1378 siti,
982 1339 1118 1372 Dulcem
1131 1349 1247 1380 sponso
1257 1350 1373 1373 sonans
1383 1341 1513 1373 chorum

296 1387 409 1419 Donec
432 1385 521 1426 regni
549 1386 708 1426 concupiti
1029 1388 1066 1420 1n
1095 1388 1222 1420 chordis
1248 1392 1280 1420 et
1303 1398 1434 1430 organo,

346 1434 418 1466 Lux
442 1436 589 1466 recurrat
612 1434 749 1473 perdita.
1030 1435 1079 1467 Tu
1104 1445 1173 1468 cum
1200 1437 1304 1469 carnis
1330 1441 1482 1478 tympano

980 1484 1181 1524 Introgressa
1207 1485 1288 1517 caeli
1312 1486 1452 1530 chorum,

983 1532 1086 1564 Micas
1111 1542 1240 1565 mensae
1267 1533 1465 1568 dominorum

1028 1580 1124 1612 Mitte
1148 1580 1234 1613 foras
1260 1583 1415 1621 orphano.

216 1513 272 1545 47.
298 1512 378 1552 Ave,
402 1519 461 1551 per
487 1519 578 1550 quam
604 1510 766 1543 medicina

299 1558 430 1591 Fraude
453 1559 549 1590 laesis
575 1559 760 1599 serpentina

348 1607 441 1639 Venit
466 1615 504 1638 ex
530 1606 669 1646 oraculo,

299 1655 373 1688 Cum
401 1654 459 1686 sub
485 1654 569 1686 nube
593 1654 749 1686 matutina

298 1703 438 1735 Nostrae
462 1703 548 1734 noeti
572 1703 628 1734 lux
656 1702 766 1734 divina
900 1684 954 1717 51.
981 1687 1061 1727 Ave,
1090 1687 1186 1718 decus
1212 1688 1423 1730 saeculorum,

344 1750 452 1783 Mina
476 1749 568 1782 fulsit
590 1751 717 1782 saeculo
981 1733 1513 1780 Caelisplend0r‚laussanctorum‚

346 1798 397 1830 De
421 1798 554 1839 pudoris
578 1799 716 1837 1ectu103
1029 1781 1130 1814 Dulce
1153 1785 1251 1816 melos
1278 1785 1441 1819 hominum

299 1848 400 1880 Plane
424 1847 503 1879 felix
528 1845 666 1885 officina,
979 1832 1064 1864 Fons
1098 1832 1221 1874 salutis,
1250 1834 1360 1866 hortus
1385 1833 1513 1879 florum,

298 1895 349 1928 De
374 1903 436 1935 qua
459 1893 551 1926 fluxit
573 1895 654 1926 haec
677 1894 784 1926 resina
982 1879 1081 1933 port?
1106 1880 1202 1920 ‘Vitae‘
1229 1883 1280 1914 Via
1304 1892 1440 1927 morum,

344 1943 519 1984 Eroganda
543 1944 680 1983 populo!
1030 1927 1126 1969 Vlrgo
1151 1938 1277 1969 gemma
1300 1933 1468 1978 virginum,

434 2021 440 2026 ,
715 2019 722 2024 ¹
1028 1976 1067 2008 ln
1092 1980 1125 2009 te
1148 1978 1281 2011 laudent
1306 1978 1490 2024 Dominum,

220 2022 277 2054 48.
303 2023 384 2061 Ave,
411 2029 510 2062 virgo,
535 2022 628 2060 grata
652 2028 734 2061 nuel,
981 2023 1100 2063 Quibus
1124 2026 1223 2060 iudex
1248 2031 1434 2062 meritorum

299 2069 401 2102 Stella
426 2076 503 2100 suae
526 2068 657 2108 placens
681 2067 756 2108 luci,
982 2072 1044 2103 Per
1068 2076 1100 2105 te
1124 2075 1217 2107 sedes
1242 2076 1410 2110 beatorum

345 2117 442 2158 Regis
468 2116 527 2147 alti
549 2116 653 2156 ianua,
1029 2120 1095 2153 Dat
1123 2127 1196 2163 post
1222 2126 1307 2157 vitae
1331 2127 1515 2161 terminum,

280 2193 349 2222 Ood.
370 2191 569 2233 Duaeenffol.
583 2191 793 2226 Mareliianen.)
810 2191 856 2221 49.
877 2203 953 2222 saec.
975 2194 1021 2225 13.
1042 2198 1083 2225 in.
1103 2215 1140 2219 n
1161 2200 1207 2229 III
1229 2199 1273 2234 16,
1294 2198 1313 2228 8
1333 2202 1464 2231 inclusit.
1478 2219 1517 2223 ——

202 2232 246 2267 17,
268 2230 285 2259 5
306 2240 403 2269 quam.
423 2248 462 2252 —
481 2229 528 2264 48,
549 2229 566 2258 9
586 2232 757 2266 proiectam·
776 2247 815 2251 —
839 2232 1059 2270 Eigentiimlieh
1080 2240 1120 2265 ist
1139 2238 1205 2267 <lem
1225 2239 1355 2273 Psalter,
1381 2240 1446 2270 dass
1467 2244 1519 2272 der

201 2271 339 2300 Weehsel
368 2270 419 2298 der
444 2270 612 2305 Rhythmen
638 2269 720 2297 nieht
744 2272 800 2297 mit
824 2271 874 2300 der
894 2273 1121 2311 Quinquagene‚
1147 2278 1276 2305 sondem
1302 2281 1393 2306 etwas
1419 2283 1519 2318 Spfflzer

201 2310 323 2339 eintritt.
366 2309 422 2337 Die
450 2308 657 2339 Handsohrift,
686 2307 736 2334 der
762 2318 792 2336 er
819 2314 1020 2347 ent-nemmen,
1048 2316 1162 2343 mthfflt
1180 2316 1291 2344 werke
1318 2326 1378 2344 von
1404 2320 1518 2349 Alanus

201 2348 366 2378 Insulensis
393 2348 454 2375 und
478 2347 619 2375 Nieolaus
643 2347 846 2376 Tornacensis.
891 2351 951 2378 Der
975 2352 1091 2381 Psalter
1117 2355 1197 2381 wiire
1222 2355 1272 2381 des
1299 2358 1413 2384 erstem
1437 2360 1521 2387 nieht

200 2390 328 2422 unwert3
359 2396 390 2414 er
411 2389 542 2415 erinnert
560 2385 707 2414 mehrfaeh
726 2386 802 2414 nach
822 2383 923 2416 Inhalt
942 2391 1002 2418 und
1023 2392 1108 2420 Form
1130 2401 1169 2420 an
1189 2393 1242 2420 das
1263 2392 1520 2425 Weffinaghtsfied

200 2427 356 2456 desselben
374 2426 492 2454 Autors.
