1655 2726
695 118 957 155 *189*-

162 212 265 247 1082.
282 213 448 247 Infernum
460 216 522 248 duc
532 225 634 250 meam
644 219 794 260 mentem,

283 264 424 296 Aeterne
450 264 516 296 dux
541 265 730 306 animarum,

281 313 369 353 Quae
394 313 534 353 portasti
558 317 795 347 convertentem

281 361 407 400 Rupem
438 360 472 393 in
499 359 604 395 fontes
630 372 795 403 aquarum.

163 438 266 472 1083.
281 439 449 479 Aquarum
474 439 693 473 sanctificator

282 487 464 520 Elementis
488 490 521 520 te
546 487 713 532 praefecit,

283 535 345 576 Qui
369 535 426 579 tui,
455 536 557 579 virgo,
585 540 739 580 sacrator,

284 586 500 625 Quaecunque
524 585 636 628 voluit,
665 584 753 618 fecit.

165 663 270 696 1084.
285 661 381 695 Fecit
405 663 438 693 te
464 661 625 695 dominam
650 663 727 706 poli,

285 710 418 748 Terrae,
444 709 543 742 maris
570 714 602 742 et
624 711 774 752 omnium,

285 758 326 791 Se
352 757 475 791 faciens
502 760 535 790 et
560 761 593 790 te
619 759 692 801 0011,

285 806 361 840 Non
386 807 560 839 simulacra
584 806 736 848 gentium.

164 885 269 918 1085.
286 882 438 917 Gentium
465 883 620 916 damnant
643 883 732 916 idola

284 931 335 964 Ea
361 932 518 964 colentem
542 931 712 973 hominem,

283 980 346 1012 Sed
373 979 519 1012 salvatur
541 980 688 1012 Iesucola

287 1027 405 1061 Colens
429 1030 518 1060 tuam
542 1028 726 1069 imaginem.

164 1105 271 1139 1086.
285 1105 463 1145 Imaginem
488 1113 570 1145 puer
594 1107 683 1136 tuam

288 1153 517 1193 Contemplans
542 1152 736 1185 mirabiliter

285 1203 333 1235 Te
358 1200 496 1242 perfecit
523 1210 675 1241 sponsam
700 1210 789 1234 suam

285 1251 352 1283 Per
377 1250 532 1283 annulum
557 1248 709 1283 fideliter.

163 1329 270 1363 1087.
286 1327 450 1360 Fideliter
476 1329 629 1360 consueta

285 1377 332 1409 Te
358 1376 500 1417 petentis
527 1375 725 1416 desponsare

286 1424 454 1465 Recepisti
477 1427 646 1457 mansueta

286 1474 453 1507 Annulum
480 1472 580 1514 digito
609 1472 706 1506 clare.

166 1552 272 1586 1088.
289 1550 385 1586 Clare
409 1550 525 1583 videns
549 1550 737 1582 miraculum

288 1601 373 1633 Puer
398 1599 503 1631 socios
528 1598 657 1631 vocavit

283 1648 530 1688 Astrictumque
555 1647 602 1680 sic
626 1648 779 1680 annulum

289 1698 327 1730 In
353 1696 525 1736 imaginem
550 1696 752 1728 monstravit.

167 1776 271 1810 1089.
287 1774 410 1808 Stravit
436 1782 507 1806 sese
532 1775 610 1805 tunc
632 1772 758 1806 iuvenis

285 1822 351 1857 Sub
375 1823 449 1864 iugo
473 1823 521 1855 tui
545 1821 674 1863 amoris,

285 1873 311 1906 Ο
337 1872 454 1914 Maria,
482 1879 565 1912 quae
590 1869 741 1903 subvenis

286 1920 378 1954 Caris
404 1919 469 1952 tuis
496 1920 620 1952 cunctis
646 1919 745 1954 horis,

857 217 959 252 1090.
975 218 1074 251 Horis
1099 226 1278 250 memorans
1303 217 1449 250 omnibus

975 267 1038 299 Tui
1059 266 1166 299 carnis
1182 275 1332 306 sponsam
1350 264 1485 305 sprevit,

976 315 1045 355 Quo
1071 315 1190 356 quippe
1216 324 1284 347 cum
1311 314 1485 347 virtutibus

973 364 1075 396 Amor
1099 364 1174 397 Iesu
1199 372 1258 403 per
1283 366 1315 395 te
1341 363 1453 397 crevit.

856 441 960 475 1091.
976 440 1086 474 Crevit
1112 444 1144 473 et
1170 440 1364 473 desiderium

975 490 1055 522 Post
1077 489 1159 521 haec
1182 489 1216 521 in
1242 497 1278 520 eo
1305 488 1433 521 carnale

974 537 1195 578 Tractansque
1220 537 1456 569 matrimonium

977 585 1093 618 Votum
1117 585 1213 625 liquit
1237 585 1395 625 spiritale.

857 662 960 696 1092.
975 662 1055 695 Tale
1081 661 1251 695 conubium
1276 665 1373 702 stare,

976 709 1094 752 Maria,
1120 719 1184 743 non
1209 710 1386 751 permisisti

976 758 1117 798 Propter
1141 761 1247 791 votum
1274 759 1416 791 salutare

976 807 1051 840 Tibi
1074 806 1204 849 factum,
1233 809 1335 839 mater
1354 806 1485 839 Christi.

857 884 960 918 1093.
976 884 1036 917 Isti
1062 892 1198 925 namque
1224 883 1399 925 quiescenti

977 933 1016 965 In
1041 932 1159 964 lectulo
1184 941 1253 965 cum
1280 940 1381 965 uxore

976 980 1055 1013 Fuit
1079 979 1178 1012 turris
1204 980 1373 1012 tutamenti

977 1028 1033 1060 Tis
1058 1028 1164 1069 imago
1189 1029 1270 1061 miro
1296 1037 1394 1061 more.

858 1104 961 1138 1094.
977 1105 1072 1137 More
1095 1114 1234 1145 sponsae
1258 1105 1426 1145 prohibuit

978 1152 1137 1193 Sponsum
1160 1157 1236 1186 vota
1259 1154 1390 1194 violare,

976 1201 1063 1234 Dum
1087 1201 1120 1233 in
1146 1202 1252 1234 medio
1277 1202 1377 1234 iacuit

979 1249 1098 1282 Volens
1125 1259 1196 1282 eum
1223 1259 1425 1284 conservare.

859 1328 963 1362 1095.
978 1328 1127 1368 Servare,
1150 1328 1269 1370 Maria,
1295 1327 1355 1360 tibi

993 1375 1104 1416 Gitens,
1118 1384 1210 1417 quem
1221 1377 1269 1408 sic
1276 1375 1492 1417 desponsasti,

979 1424 1103 1457 Rursus
1127 1424 1231 1457 minas
1258 1422 1368 1457 ferens
1392 1424 1456 1456 sibi

978 1473 1009 1505 A
1036 1473 1170 1514 coniuge
1195 1473 1364 1506 revocasti.

860 1550 964 1584 1096.
981 1549 1140 1582 Castitate
1165 1551 1245 1582 tunc
1267 1551 1448 1582 succinctus

979 1598 1139 1630 Mundum
1165 1599 1291 1638 sprevit
1316 1602 1347 1631 et
1374 1599 1455 1631 vitia

980 1646 1162 1687 Eremoque
1187 1647 1262 1679 Iesu
1289 1647 1415 1679 vinctus

979 1695 1026 1728 Te
1052 1695 1151 1728 coluit
1177 1704 1247 1727 cum
1273 1696 1386 1736 gloria.

862 1773 965 1807 1097.
983 1772 1096 1805 Gloria
1121 1775 1176 1805 tuo
1202 1772 1279 1815 filio,

980 1822 1108 1854 Veritas
1135 1824 1168 1854 et
1192 1822 1357 1864 iudicium,

978 1870 1024 1902 Et
1047 1869 1108 1902 tibi
1132 1871 1202 1903 laus
1230 1880 1300 1903 cum
1325 1871 1455 1913 gaudio,

979 1918 1067 1958 Quae
1092 1919 1256 1952 misereris
1283 1921 1434 1952 omnium.

771 2008 884 2041 CXIV.

166 2079 271 2113 1098.
285 2077 396 2111 Dilexi
422 2081 511 2110 tuum
536 2076 647 2121 filium,

285 2127 346 2168 Qui
363 2135 423 2167 per
439 2135 582 2168 precem,
600 2127 701 2168 virgo,
717 2129 805 2158 tuam

286 2175 342 2208 Ad
367 2175 557 2208 tribulatum
583 2175 716 2208 nimium

287 2224 462 2258 Inclinavit
486 2233 596 2257 aurem
622 2233 722 2257 suam.

165 2304 271 2338 1099.
287 2303 383 2336 Suam
411 2303 515 2335 iustus
540 2301 698 2335 iustitiam

288 2351 406 2385 Perfici
430 2360 491 2394 per
515 2354 547 2384 te
572 2350 694 2384 fatetur

287 2401 331 2434 Et
356 2400 541 2443 petentibus
566 2401 692 2433 veniam

285 2450 374 2483 Deus
400 2452 511 2483 noster
535 2449 718 2484 miseretur,

867 2076 882 2109 1
891 2076 969 2110 100.
986 2076 1161 2108 Miseretur
1184 2075 1378 2108 memoribus

984 2126 1047 2158 Tui
1072 2122 1310 2163 beneficiorum,

982 2173 1044 2206 His
1070 2182 1105 2205 se
1129 2172 1193 2205 tuis
1220 2173 1299 2206 dans
1324 2173 1476 2213 precibus

983 2222 1022 2254 In
1047 2230 1178 2263 reglone
1204 2222 1359 2257 vivorum.

864 2300 968 2335 1101.
985 2299 1139 2333 Vivorum
1163 2299 1196 2333 in
1221 2300 1334 2333 mortis
1360 2300 1475 2334 umbra

984 2348 1172 2382 Sedentium
1199 2349 1276 2381 sede
1301 2350 1381 2394 sedi,

984 2396 1049 2430 Sed
1072 2398 1161 2439 mihi,
1189 2401 1300 2442 mater⁷
1329 2398 1497 2439 obumbra,

984 2446 1072 2486 Quae
1097 2447 1153 2479 lux
1179 2456 1257 2480 vera
1276 2447 1374 2481 debes
1395 2447 1495 2483 credi.
