1655 2726
747 106 954 141 -8-

188 205 229 238 ut
254 204 370 241 aratia
396 205 432 238 et
455 213 522 249 pax
549 204 599 239 eis
625 203 728 238 detur
751 204 788 238 in
814 206 909 239 terra
935 205 971 239 et
994 203 1106 248 gloria
1132 203 1312 240 adcrescat
1335 203 1371 237 in
1391 202 1507 238 caelis.

189 260 402 307 Dictumtpie
437 259 504 295 fuit
533 261 645 296 eidem
674 259 913 296 Carthusiensi
939 261 1034 296 clara
1059 261 1095 296 et
1120 264 1241 306 apert-a
1266 270 1368 301 voce,
1404 260 1508 306 quod,

190 319 351 362 quotiens
385 319 461 365 quis
495 319 623 354 dictum
660 319 830 354 rosarium
866 319 993 354 dixerit
1026 319 1153 354 devote
1187 329 1265 354 eum
1297 318 1369 354 suis
1399 318 1509 353 medi-

188 377 380 412 tationibus
417 376 607 417 adiunctis,
642 376 772 411 totiens
805 377 998 422 plenariam
1025 376 1181 412 omnium
1206 379 1428 422 peccatorum
1453 386 1508 411 re-

190 434 394 470 missionem
419 433 621 479 percipiet.“
673 427 821 469 Alinlich
848 434 934 469 auch
962 434 1019 469 die
1045 433 1174 469 andere
1200 432 1343 476 Quelle:

291 490 477 537 „Sequitur
503 492 673 526 rosarium
703 492 974 536 devotissimum,
1004 492 1095 536 quod
1123 502 1268 526 aureum
1287 492 1509 536 nuncupatur

191 551 226 583 et
249 549 286 584 in
312 559 349 584 se
375 551 481 585 totam
512 548 638 584 Christi
666 549 774 584 vitam
800 552 835 584 et
860 549 1056 594 passionem
1085 551 1121 583 et
1146 549 1438 584 resurrectionem
1455 549 1508 583 in-

191 607 318 649 cludit,
346 609 381 642 et
413 606 448 640 in
476 607 634 650 quolibet
659 607 804 641 articulo
830 616 939 642 unum
964 605 1114 642 fructum
1142 607 1342 649 eontinen83
1376 606 1413 641 in
1439 616 1507 651 quo

190 665 249 708 qui
286 674 324 700 se
362 665 557 699 exercuerit
588 664 780 700 notabilem
813 665 907 699 vitae
941 673 1026 699 suae
1060 664 1188 699 sentiet
1219 661 1435 709 profectum,
1472 666 1509 698 et

191 721 319 756 totiens
355 731 427 756 una
464 731 592 756 corona
625 721 689 756 sibi
724 722 961 757 reservabitur
993 722 1030 757 in
1064 721 1187 763 caelis,
1228 721 1389 767 quotiens
1420 721 1507 756 illud

190 779 362 813 rosarium
389 788 533 814 aureum
560 779 697 814 dixerit.
737 778 794 814 Sic
818 779 1011 815 revelatum
1039 779 1106 815 fuit
1129 779 1264 814 cuidam
1282 778 1507 815 devotissimo

190 837 412 880 presbytero,
448 837 505 880 qui
532 846 569 871 se
594 837 628 871 in
658 846 697 871 eo
725 839 938 880 exercuerat,
966 838 1118 882 qualiter
1143 836 1383 873 sanctissimae
1408 837 1507 872 trini-

190 894 255 927 tati
281 904 342 938 per
367 903 492 929 manus
516 897 716 930 sanctorum
738 895 941 938 angelorum
958 896 1222 939 praesentatum
1238 893 1306 929 fuit
1322 894 1365 928 ad
1384 894 1509 929 laudes

192 953 229 985 et
253 951 439 995 praeconia
464 951 776 996 superbenedictae
800 951 945 994 virginis
970 952 1037 987 Dei
1062 952 1249 996 genetricis
1274 951 1440 988 Mariae.“

287 1036 612 1080 Reichenfeld‚
640 1037 706 1072 den
733 1038 789 1073 27.
816 1038 887 1074 Juli
914 1037 1017 1072 1900.

878 1162 1037 1208 Guido
1066 1161 1224 1207 Maria
1251 1163 1449 1209 Dreves.
