1655 2726
151 224 207 256 34.
236 224 317 265 Ave,
345 224 386 258 de
410 234 474 265 qua

283 275 355 306 orta
379 276 430 305 est
452 274 584 316 veritas,

237 320 391 354 Veritatis

283 379 365 411 quae
390 368 482 401 nobis
508 370 639 402 semitas

234 418 280 451 Et
306 418 445 451 caeleste

282 476 416 510 regnum
438 465 576 507 aperuit,

236 515 315 548 Cum
340 516 476 557 peccata

282 567 394 597 nostra
417 564 555 604 operuit.

150 644 206 676 35.
233 643 314 683 Ave,
341 644 453 684 mater,

283 690 355 723 finis
381 689 540 733 miseriae,

233 738 289 771 Ad
314 741 347 770 te
373 738 485 781 clamo,

280 790 393 829 mater,
423 787 551 829 cotidie,

234 835 314 877 Fac,
339 837 377 868 ut
401 835 508 867 carnis

282 884 391 916 hostes
416 883 610 925 interimam,

233 932 314 973 Quia
338 931 380 965 ad
406 934 439 963 te

278 980 385 1014 levavi
409 980 559 1014 animam.

147 1060 202 1093 36.
229 1058 311 1101 Ave,
340 1057 417 1091 Sion

281 1106 399 1138 decora
424 1106 547 1148 civitas,

229 1155 331 1195 Quam
356 1152 507 1188 fundavit

279 1203 347 1237 eius
372 1203 558 1246 auctoritas,

231 1251 292 1292 Qui
319 1254 451 1285 vocatur

278 1303 311 1332 et
336 1302 385 1333 est
409 1300 594 1342 altissimus,

229 1349 267 1381 ln
293 1359 357 1390 qua
380 1351 489 1381 tamen

276 1396 381 1430 factus
408 1400 456 1429 est
481 1396 642 1431 minimus,

144 1477 199 1510 37.
226 1475 307 1519 Ave,
335 1477 440 1507 mater

275 1522 356 1556 felix
380 1523 416 1555 in
439 1521 518 1566 filio,

227 1572 288 1612 Qui
313 1575 349 1604 ut
373 1571 467 1604 homo

276 1621 345 1653 sine
369 1620 489 1653 auxilio

223 1669 424 1702 Aestimatus

276 1727 347 1751 cum
372 1716 599 1759 peccatoribus

225 1767 293 1800 Nos
319 1766 446 1809 peccati

275 1816 373 1849 solvit
398 1815 572 1848 doloribus.

142 1896 198 1930 38.
224 1894 306 1938 Ave,
333 1895 447 1937 mater,

272 1943 364 1975 illum
388 1942 585 1985 parturiens,

226 1990 287 2030 Qui
312 1991 486 2033 superbum

271 2040 306 2072 in
332 2049 427 2073 cruce
451 2040 591 2073 moriens

223 2088 424 2133 Vulneravit,

272 2138 362 2171 cuius
387 2137 524 2178 imperio

222 2186 290 2220 Nos
314 2187 350 2220 in
374 2195 433 2220 suo

270 2235 410 2269 redemit
434 2235 579 2269 brachio.

136 2315 193 2350 39.
220 2313 301 2359 Ave,
329 2315 384 2356 pia

270 2366 303 2395 et
328 2362 534 2407 exaudibilis,

221 2412 327 2453 Super
352 2421 464 2446 servos

267 2462 311 2494 sis
338 2461 556 2504 deprecabilis

846 449 903 482 40.

844 865 900 899 41.

839 1283 897 1315 42.

840 1701 897 1733 43.

835 2119 891 2152 44.

930 227 975 259 Et
998 236 1096 267 super
1120 238 1178 261 nos

977 276 1107 309 virtutis
1132 280 1253 317 remige

928 324 1030 356 Actus
1055 327 1183 357 nostros

978 375 1012 404 tu
1037 380 1166 413 semper
1191 373 1302 414 dirige.

929 449 1010 493 Ave,
1040 449 1128 482 cuius

976 506 1095 538 quaero
1119 498 1316 542 suffragium,

927 546 975 579 Ut
999 546 1134 579 evadam

975 597 1045 626 rete
1070 595 1251 627 venantium

927 641 970 674 Et
996 642 1152 675 malorum

976 699 1128 723 secernar
1150 700 1293 733 numero,

929 738 990 778 Qui
1016 738 1176 771 timebunt

974 797 994 819 a
1018 787 1117 821 verbo
1143 796 1269 829 aspero.

927 865 1008 908 Ave,
1039 873 1135 899 sonus

976 914 1123 947 caelestis
1150 915 1272 958 organi⁷

927 962 1016 1001 Quae
1040 965 1076 993 ut
1100 964 1209 1004 palma

972 1011 1026 1043 vel
1052 1012 1168 1044 cedrus
1193 1011 1311 1044 Libani

926 1059 1067 1091 Pulchra
1089 1058 1184 1092 flores

972 1107 1006 1139 in
1030 1106 1094 1140 Dei
1118 1109 1210 1141 atriis

925 1155 1168 1197 Circumsaepta

974 1205 1056 1237 rosis
1083 1207 1117 1243 et
1139 1205 1229 1238 liliis.

923 1281 1004 1325 Ave,
1034 1281 1140 1325 decor,

972 1330 1026 1371 qui
1051 1340 1213 1371 nunquam
1238 1333 1377 1364 marcuit

922 1378 960 1411 In
986 1388 1049 1419 qua
1075 1378 1224 1412 Christus

972 1427 1121 1460 decorem
1146 1428 1253 1461 induit

920 1474 966 1507 Et
990 1476 1173 1516 praecinxit

971 1533 1007 1556 se
1032 1524 1224 1558 fortitudine

922 1572 971 1604 De
994 1573 1163 1613 redempto

970 1621 1173 1661 triumphans
1199 1621 1338 1656 homino.

1379 1358 1387 1376 7

923 1699 1004 1742 Ave,
1032 1698 1139 1739 fulgor

971 1750 1003 1779 et
1027 1748 1135 1780 lumen
1160 1747 1326 1789 luminum,

922 1796 1087 1837 cogitatus
1113 1795 1175 1828 scis

968 1845 1076 1877 varios
1101 1844 1276 1884 hominum,

921 1893 986 1926 Sed
1011 1893 1135 1936 beatus,

968 1951 1062 1983 quem
1088 1941 1246 1974 erudieris

918 1991 964 2023 Et
990 1991 1030 2024 de
1053 1990 1125 2031 lege

967 2043 1024 2072 tua
1050 2038 1207 2072 docueris.

918 2117 1000 2161 Ave>
1027 2117 1117 2158 virgo

966 2167 1084 2199 mentis
1112 2165 1278 2208 innocuae,

918 2216 983 2248 Per
1008 2223 1104 2255 quam
1127 2222 1202 2246 oves

967 2264 1091 2297 electae
1115 2270 1255 2302 pascuae

916 2311 1012 2345 Facti
1037 2320 1145 2344 sumus

966 2364 1000 2393 et
1024 2360 1086 2394 Dei
1109 2360 1260 2402 popum,

918 2411 1002 2450 Quos
1027 2408 1168 2450 pastoris

965 2458 1104 2492 salvavit
1129 2457 1272 2492 baculus,

1238 2512 1280 2543 3*
