<?xml version="1.0" encoding="UTF-8"?>
<!DOCTYPE html PUBLIC "-//W3C//DTD XHTML 1.0 Transitional//EN"
    "http://www.w3.org/TR/xhtml1/DTD/xhtml1-transitional.dtd">
<html xmlns="http://www.w3.org/1999/xhtml" xml:lang="en" lang="en">
 <head>
  <title>
</title>
<meta http-equiv="Content-Type" content="text/html;charset=utf-8" />
  <meta name='ocr-system' content='tesseract 3.04.00' />
  <meta name='ocr-capabilities' content='ocr_page ocr_carea ocr_par ocr_line ocrx_word'/>
</head>
<body>
  <div class='ocr_page' id='page_1' title='image "./analectahymnica36drevuoft_00133.png"; bbox 0 0 1655 2726; ppageno 0'>
   <div class='ocr_carea' id='block_1_1' title="bbox 268 1248 322 1282">
    <p class='ocr_par' dir='ltr' id='par_1_1' title="bbox 268 1248 322 1282">
     <span class='ocr_line' id='line_1_1' title="bbox 268 1248 322 1282; baseline 0.037 -2"><span class='ocrx_word' id='word_1_1' title='bbox 268 1248 322 1282; x_wconf 88' lang='grc'>10.</span> 
     </span>
    </p>
   </div>
   <div class='ocr_carea' id='block_1_2' title="bbox 273 1546 326 1579">
    <p class='ocr_par' dir='ltr' id='par_1_2' title="bbox 273 1546 326 1579">
     <span class='ocr_line' id='line_1_2' title="bbox 273 1546 326 1579; baseline 0 -1"><span class='ocrx_word' id='word_1_2' title='bbox 273 1546 326 1579; x_wconf 86' lang='lat'>14.</span> 
     </span>
    </p>
   </div>
   <div class='ocr_carea' id='block_1_3' title="bbox 268 1778 323 1810">
    <p class='ocr_par' dir='ltr' id='par_1_3' title="bbox 268 1778 323 1810">
     <span class='ocr_line' id='line_1_3' title="bbox 268 1778 323 1810; baseline -0.018 0"><span class='ocrx_word' id='word_1_3' title='bbox 268 1778 323 1810; x_wconf 85' lang='lat'>15.</span> 
     </span>
    </p>
   </div>
   <div class='ocr_carea' id='block_1_4' title="bbox 269 2008 322 2042">
    <p class='ocr_par' dir='ltr' id='par_1_4' title="bbox 269 2008 322 2042">
     <span class='ocr_line' id='line_1_4' title="bbox 269 2008 322 2042; baseline 0.019 -1"><span class='ocrx_word' id='word_1_4' title='bbox 269 2008 322 2042; x_wconf 91' lang='grc'>16.</span> 
     </span>
    </p>
   </div>
   <div class='ocr_carea' id='block_1_5' title="bbox 270 2308 325 2342">
    <p class='ocr_par' dir='ltr' id='par_1_5' title="bbox 270 2308 325 2342">
     <span class='ocr_line' id='line_1_5' title="bbox 270 2308 325 2342; baseline 0.036 -2"><span class='ocrx_word' id='word_1_5' title='bbox 270 2308 325 2342; x_wconf 88' lang='lat'>20.</span> 
     </span>
    </p>
   </div>
   <div class='ocr_carea' id='block_1_6' title="bbox 311 237 716 272">
    <p class='ocr_par' dir='ltr' id='par_1_6' title="bbox 311 237 716 272">
     <span class='ocr_line' id='line_1_6' title="bbox 311 237 716 272; baseline -0.01 0"><span class='ocrx_word' id='word_1_6' title='bbox 311 264 319 272; x_wconf 92' lang='lat'>.</span> <span class='ocrx_word' id='word_1_7' title='bbox 344 237 436 270; x_wconf 84' lang='lat' dir='ltr'>lilius</span> <span class='ocrx_word' id='word_1_8' title='bbox 461 241 497 270; x_wconf 90' lang='lat' dir='ltr'>tu</span> <span class='ocrx_word' id='word_1_9' title='bbox 520 238 716 270; x_wconf 83' lang='lat' dir='ltr'>voluntatem</span> 
     </span>
    </p>
   </div>
   <div class='ocr_carea' id='block_1_7' title="bbox 316 786 808 828">
    <p class='ocr_par' dir='ltr' id='par_1_7' title="bbox 316 786 808 828">
     <span class='ocr_line' id='line_1_7' title="bbox 316 786 808 828; baseline -0.004 -8"><span class='ocrx_word' id='word_1_10' title='bbox 316 814 322 820; x_wconf 99' lang='lat'>.</span> <span class='ocrx_word' id='word_1_11' title='bbox 346 787 450 826; x_wconf 74' lang='lat' dir='ltr'>Quare</span> <span class='ocrx_word' id='word_1_12' title='bbox 475 786 676 819; x_wconf 84' lang='lat' dir='ltr'>fremuerunt</span> <span class='ocrx_word' id='word_1_13' title='bbox 700 789 808 828; x_wconf 81' lang='lat' dir='ltr'>gentes</span> 
     </span>
    </p>
   </div>
   <div class='ocr_carea' id='block_1_8' title="bbox 779 138 1034 174">
    <p class='ocr_par' dir='ltr' id='par_1_8' title="bbox 779 138 1034 174">
     <span class='ocr_line' id='line_1_8' title="bbox 779 138 1034 174; baseline -0.004 0"><span class='ocrx_word' id='word_1_14' title='bbox 779 138 1034 174; x_wconf 81' lang='lat'>—130—</span> 
     </span>
    </p>
   </div>
   <div class='ocr_carea' id='block_1_9' title="bbox 347 285 828 422">
    <p class='ocr_par' dir='ltr' id='par_1_9' title="bbox 347 285 828 422">
     <span class='ocr_line' id='line_1_9' title="bbox 347 285 828 326; baseline -0.002 -8"><span class='ocrx_word' id='word_1_15' title='bbox 347 285 446 326; x_wconf 77' lang='lat' dir='ltr'>Figas</span> <span class='ocrx_word' id='word_1_16' title='bbox 469 287 502 318; x_wconf 89' lang='lat' dir='ltr'>in</span> <span class='ocrx_word' id='word_1_17' title='bbox 527 286 588 318; x_wconf 85' lang='lat' dir='ltr'>bac</span> <span class='ocrx_word' id='word_1_18' title='bbox 611 288 724 317; x_wconf 83' lang='lat' dir='ltr'>sancta</span> <span class='ocrx_word' id='word_1_19' title='bbox 748 285 828 326; x_wconf 84' lang='lat' dir='ltr'>lege,</span> 
     </span>
     <span class='ocr_line' id='line_1_10' title="bbox 348 333 759 374; baseline 0.002 -10"><span class='ocrx_word' id='word_1_20' title='bbox 348 333 408 372; x_wconf 83' lang='lat' dir='ltr'>Qui</span> <span class='ocrx_word' id='word_1_21' title='bbox 432 335 520 366; x_wconf 89' lang='lat' dir='ltr'>tuam</span> <span class='ocrx_word' id='word_1_22' title='bbox 546 334 759 374; x_wconf 85' lang='lat' dir='ltr'>virginitatem</span> 
     </span>
     <span class='ocr_line' id='line_1_11' title="bbox 348 381 692 422; baseline 0.003 -8"><span class='ocrx_word' id='word_1_23' title='bbox 348 381 431 414; x_wconf 88' lang='lat' dir='ltr'>Colit</span> <span class='ocrx_word' id='word_1_24' title='bbox 454 381 487 414; x_wconf 86' lang='lat' dir='ltr'>in</span> <span class='ocrx_word' id='word_1_25' title='bbox 513 381 580 414; x_wconf 91' lang='lat' dir='ltr'>filio</span> <span class='ocrx_word' id='word_1_26' title='bbox 606 391 692 422; x_wconf 87' lang='lat' dir='ltr'>rege.</span> 
     </span>
    </p>
   </div>
   <div class='ocr_carea' id='block_1_10' title="bbox 975 238 1006 270">
    <p class='ocr_par' dir='ltr' id='par_1_10' title="bbox 975 238 1006 270">
     <span class='ocr_line' id='line_1_12' title="bbox 975 238 1006 270; baseline 0 0"><span class='ocrx_word' id='word_1_27' title='bbox 975 238 1006 270; x_wconf 92' lang='lat'>6.</span> 
     </span>
    </p>
   </div>
   <div class='ocr_carea' id='block_1_11' title="bbox 1031 231 1565 417">
    <p class='ocr_par' dir='ltr' id='par_1_11' title="bbox 1031 231 1565 417">
     <span class='ocr_line' id='line_1_13' title="bbox 1033 231 1495 277; baseline -0.015 -8"><span class='ocrx_word' id='word_1_28' title='bbox 1033 237 1120 277; x_wconf 87' lang='lat' dir='ltr'>Rege</span> <span class='ocrx_word' id='word_1_29' title='bbox 1145 234 1204 267; x_wconf 89' lang='lat' dir='ltr'>tibi</span> <span class='ocrx_word' id='word_1_30' title='bbox 1231 231 1495 270; x_wconf 86' lang='lat' dir='ltr'>commendatum,</span> 
     </span>
     <span class='ocr_line' id='line_1_14' title="bbox 1032 281 1511 320; baseline -0.017 -2"><span class='ocrx_word' id='word_1_31' title='bbox 1032 285 1152 318; x_wconf 77' lang='lat' dir='ltr'>Sancta</span> <span class='ocrx_word' id='word_1_32' title='bbox 1177 282 1297 315; x_wconf 75' lang='lat' dir='ltr'>rectrix</span> <span class='ocrx_word' id='word_1_33' title='bbox 1322 281 1511 320; x_wconf 78' lang='lat' dir='ltr'>animarum,</span> 
     </span>
     <span class='ocr_line' id='line_1_15' title="bbox 1031 328 1565 371; baseline -0.013 -6"><span class='ocrx_word' id='word_1_34' title='bbox 1031 332 1087 365; x_wconf 82' lang='lat' dir='ltr'>Me</span> <span class='ocrx_word' id='word_1_35' title='bbox 1100 332 1242 364; x_wconf 87' lang='lat' dir='ltr'>reddens</span> <span class='ocrx_word' id='word_1_36' title='bbox 1255 330 1375 371; x_wconf 86' lang='lat' dir='ltr'>lignum</span> <span class='ocrx_word' id='word_1_37' title='bbox 1384 328 1565 369; x_wconf 88' lang='lat' dir='ltr'>plantatum</span> 
     </span>
     <span class='ocr_line' id='line_1_16' title="bbox 1032 380 1499 417; baseline -0.006 -4"><span class='ocrx_word' id='word_1_38' title='bbox 1032 380 1130 414; x_wconf 87' lang='lat' dir='ltr'>Secus</span> <span class='ocrx_word' id='word_1_39' title='bbox 1158 380 1310 412; x_wconf 86' lang='lat' dir='ltr'>decursus</span> <span class='ocrx_word' id='word_1_40' title='bbox 1334 385 1499 417; x_wconf 85' lang='lat' dir='ltr'>aquarum.</span> 
     </span>
    </p>
   </div>
   <div class='ocr_carea' id='block_1_12' title="bbox 633 458 1120 644">
    <p class='ocr_par' dir='ltr' id='par_1_12' title="bbox 633 458 1120 644">
     <span class='ocr_line' id='line_1_17' title="bbox 633 458 1114 500; baseline -0.008 -7"><span class='ocrx_word' id='word_1_41' title='bbox 633 460 663 493; x_wconf 84' lang='grc'>’7.</span> <span class='ocrx_word' id='word_1_42' title='bbox 690 460 918 500; x_wconf 84' lang='lat' dir='ltr'>Aquarumque</span> <span class='ocrx_word' id='word_1_43' title='bbox 939 458 1114 491; x_wconf 87' lang='lat' dir='ltr'>viventium</span> 
     </span>
     <span class='ocr_line' id='line_1_18' title="bbox 691 507 1120 548; baseline -0.007 -8"><span class='ocrx_word' id='word_1_44' title='bbox 691 507 779 540; x_wconf 85' lang='lat' dir='ltr'>Dans</span> <span class='ocrx_word' id='word_1_45' title='bbox 804 507 952 548; x_wconf 86' lang='lat' dir='ltr'>poculum</span> <span class='ocrx_word' id='word_1_46' title='bbox 979 507 1120 539; x_wconf 86' lang='lat' dir='ltr'>salutare</span> 
     </span>
     <span class='ocr_line' id='line_1_19' title="bbox 690 554 1092 587; baseline -0.005 0"><span class='ocrx_word' id='word_1_47' title='bbox 690 557 842 587; x_wconf 86' lang='lat' dir='ltr'>Arentem</span> <span class='ocrx_word' id='word_1_48' title='bbox 869 555 916 586; x_wconf 89' lang='lat' dir='ltr'>uti</span> <span class='ocrx_word' id='word_1_49' title='bbox 942 554 1092 586; x_wconf 90' lang='lat' dir='ltr'>cremium</span> 
     </span>
     <span class='ocr_line' id='line_1_20' title="bbox 690 603 1110 644; baseline -0.002 -9"><span class='ocrx_word' id='word_1_50' title='bbox 690 603 746 635; x_wconf 85' lang='lat' dir='ltr'>Me</span> <span class='ocrx_word' id='word_1_51' title='bbox 772 603 912 644; x_wconf 86' lang='lat' dir='ltr'>digneris</span> <span class='ocrx_word' id='word_1_52' title='bbox 938 603 1110 643; x_wconf 80' lang='lat' dir='ltr'>adaquare.</span> 
     </span>
    </p>
   </div>
   <div class='ocr_carea' id='block_1_13' title="bbox 885 708 929 741">
    <p class='ocr_par' dir='ltr' id='par_1_13' title="bbox 885 708 929 741">
     <span class='ocr_line' id='line_1_21' title="bbox 885 708 929 741; baseline 0.023 -1"><span class='ocrx_word' id='word_1_53' title='bbox 885 708 929 741; x_wconf 90' lang='grc' dir='ltr'>Π.</span> 
     </span>
    </p>
   </div>
   <div class='ocr_carea' id='block_1_14' title="bbox 347 833 853 963">
    <p class='ocr_par' dir='ltr' id='par_1_14' title="bbox 347 833 853 963">
     <span class='ocr_line' id='line_1_22' title="bbox 350 833 853 867; baseline -0.002 -1"><span class='ocrx_word' id='word_1_54' title='bbox 350 834 396 866; x_wconf 76' lang='lat' dir='ltr'>Et</span> <span class='ocrx_word' id='word_1_55' title='bbox 417 834 522 867; x_wconf 81' lang='lat' dir='ltr'>Iesum</span> <span class='ocrx_word' id='word_1_56' title='bbox 548 844 610 867; x_wconf 92' lang='lat' dir='ltr'>non</span> <span class='ocrx_word' id='word_1_57' title='bbox 636 833 853 867; x_wconf 61' lang='lat' dir='ltr'>invenerunt?</span> 
     </span>
     <span class='ocr_line' id='line_1_23' title="bbox 349 882 749 923; baseline -0.003 -8"><span class='ocrx_word' id='word_1_58' title='bbox 349 882 422 915; x_wconf 85' lang='lat' dir='ltr'>Nisi</span> <span class='ocrx_word' id='word_1_59' title='bbox 448 884 522 923; x_wconf 87' lang='lat' dir='ltr'>quia</span> <span class='ocrx_word' id='word_1_60' title='bbox 547 883 749 923; x_wconf 78' lang='lat' dir='ltr'>neglegentes</span> 
     </span>
     <span class='ocr_line' id='line_1_24' title="bbox 347 930 842 963; baseline 0.002 -1"><span class='ocrx_word' id='word_1_61' title='bbox 347 930 401 962; x_wconf 76' lang='lat' dir='ltr'>Ad</span> <span class='ocrx_word' id='word_1_62' title='bbox 428 930 565 963; x_wconf 88' lang='lat' dir='ltr'>Mariam</span> <span class='ocrx_word' id='word_1_63' title='bbox 591 941 654 963; x_wconf 91' lang='lat' dir='ltr'>non</span> <span class='ocrx_word' id='word_1_64' title='bbox 679 934 842 963; x_wconf 78' lang='lat' dir='ltr'>venerunt.</span> 
     </span>
    </p>
   </div>
   <div class='ocr_carea' id='block_1_15' title="bbox 348 1017 811 1195">
    <p class='ocr_par' dir='ltr' id='par_1_15' title="bbox 348 1017 808 1153">
     <span class='ocr_line' id='line_1_25' title="bbox 348 1017 791 1058; baseline 0 -9"><span class='ocrx_word' id='word_1_65' title='bbox 348 1018 514 1050; x_wconf 83' lang='lat' dir='ltr'>Venerunt</span> <span class='ocrx_word' id='word_1_66' title='bbox 540 1017 580 1049; x_wconf 88' lang='lat' dir='ltr'>ad</span> <span class='ocrx_word' id='word_1_67' title='bbox 607 1022 649 1058; x_wconf 91' lang='lat' dir='ltr'>te,</span> <span class='ocrx_word' id='word_1_68' title='bbox 675 1017 791 1057; x_wconf 88' lang='lat' dir='ltr'>Maria,</span> 
     </span>
     <span class='ocr_line' id='line_1_26' title="bbox 351 1065 808 1106; baseline -0.002 -9"><span class='ocrx_word' id='word_1_69' title='bbox 351 1065 478 1106; x_wconf 87' lang='lat' dir='ltr'>Populi,</span> <span class='ocrx_word' id='word_1_70' title='bbox 503 1065 556 1106; x_wconf 88' lang='lat' dir='ltr'>qui</span> <span class='ocrx_word' id='word_1_71' title='bbox 583 1068 808 1105; x_wconf 86' lang='lat' dir='ltr'>peccaverunt,</span> 
     </span>
     <span class='ocr_line' id='line_1_27' title="bbox 349 1113 748 1153; baseline -0.003 -8"><span class='ocrx_word' id='word_1_72' title='bbox 349 1113 395 1145; x_wconf 88' lang='lat' dir='ltr'>Et</span> <span class='ocrx_word' id='word_1_73' title='bbox 418 1116 491 1145; x_wconf 87' lang='lat' dir='ltr'>ante</span> <span class='ocrx_word' id='word_1_74' title='bbox 516 1117 550 1145; x_wconf 85' lang='lat' dir='ltr'>te</span> <span class='ocrx_word' id='word_1_75' title='bbox 574 1122 671 1153; x_wconf 85' lang='lat' dir='ltr'>prece</span> <span class='ocrx_word' id='word_1_76' title='bbox 695 1113 748 1153; x_wconf 92' lang='lat' dir='ltr'>pia</span> 
     </span>
    </p>

    <p class='ocr_par' dir='ltr' id='par_1_16' title="bbox 352 1160 811 1195">
     <span class='ocr_line' id='line_1_28' title="bbox 352 1160 811 1195; baseline 0 -2"><span class='ocrx_word' id='word_1_77' title='bbox 352 1160 430 1193; x_wconf 92' lang='lat' dir='ltr'>Cum</span> <span class='ocrx_word' id='word_1_78' title='bbox 456 1160 605 1193; x_wconf 89' lang='lat' dir='ltr'>laudibus</span> <span class='ocrx_word' id='word_1_79' title='bbox 631 1162 811 1195; x_wconf 85' lang='lat' dir='ltr'>astiterunt.</span> 
     </span>
    </p>
   </div>
   <div class='ocr_carea' id='block_1_16' title="bbox 349 1247 826 1435">
    <p class='ocr_par' dir='ltr' id='par_1_17' title="bbox 349 1247 826 1384">
     <span class='ocr_line' id='line_1_29' title="bbox 350 1247 779 1288; baseline 0 -9"><span class='ocrx_word' id='word_1_80' title='bbox 350 1247 535 1280; x_wconf 79' lang='lat' dir='ltr'>Astiterunt</span> <span class='ocrx_word' id='word_1_81' title='bbox 557 1256 648 1288; x_wconf 86' lang='lat' dir='ltr'>reges</span> <span class='ocrx_word' id='word_1_82' title='bbox 674 1250 779 1279; x_wconf 87' lang='lat' dir='ltr'>terrae</span> 
     </span>
     <span class='ocr_line' id='line_1_30' title="bbox 350 1295 826 1335; baseline 0 -9"><span class='ocrx_word' id='word_1_83' title='bbox 350 1295 395 1327; x_wconf 86' lang='lat' dir='ltr'>Et</span> <span class='ocrx_word' id='word_1_84' title='bbox 420 1296 582 1335; x_wconf 83' lang='lat' dir='ltr'>principes</span> <span class='ocrx_word' id='word_1_85' title='bbox 610 1298 826 1328; x_wconf 85' lang='lat' dir='ltr'>convenerunt</span> 
     </span>
     <span class='ocr_line' id='line_1_31' title="bbox 349 1342 747 1384; baseline -0.003 -9"><span class='ocrx_word' id='word_1_86' title='bbox 349 1343 577 1384; x_wconf 85' lang='lat' dir='ltr'>Magnaliaque</span> <span class='ocrx_word' id='word_1_87' title='bbox 600 1342 747 1375; x_wconf 86' lang='lat' dir='ltr'>conferre</span> 
     </span>
    </p>

    <p class='ocr_par' dir='ltr' id='par_1_18' title="bbox 349 1390 822 1435">
     <span class='ocr_line' id='line_1_32' title="bbox 349 1390 822 1435; baseline 0.002 -12"><span class='ocrx_word' id='word_1_88' title='bbox 349 1390 399 1423; x_wconf 90' lang='lat' dir='ltr'>De</span> <span class='ocrx_word' id='word_1_89' title='bbox 424 1393 468 1431; x_wconf 92' lang='lat' dir='ltr'>te,</span> <span class='ocrx_word' id='word_1_90' title='bbox 493 1391 610 1435; x_wconf 86' lang='lat' dir='ltr'>Maria,</span> <span class='ocrx_word' id='word_1_91' title='bbox 639 1394 822 1431; x_wconf 87' lang='lat' dir='ltr'>coeperunt.</span> 
     </span>
    </p>
   </div>
   <div class='ocr_carea' id='block_1_17' title="bbox 349 1478 1009 1816">
    <p class='ocr_par' dir='ltr' id='par_1_19' title="bbox 349 1478 1009 1816">
     <span class='ocr_line' id='line_1_33' title="bbox 878 1478 938 1511; baseline -0.033 -1"><span class='ocrx_word' id='word_1_92' title='bbox 878 1478 938 1511; x_wconf 89' lang='lat' dir='ltr'>III.</span> 
     </span>
     <span class='ocr_line' id='line_1_34' title="bbox 353 1544 1009 1586; baseline 0.002 -9"><span class='ocrx_word' id='word_1_93' title='bbox 353 1544 500 1586; x_wconf 87' lang='lat' dir='ltr'>Domine,</span> <span class='ocrx_word' id='word_1_94' title='bbox 529 1545 606 1586; x_wconf 86' lang='lat' dir='ltr'>quid</span> <span class='ocrx_word' id='word_1_95' title='bbox 632 1545 827 1584; x_wconf 85' lang='lat' dir='ltr'>multiplicas</span> <span class='ocrx_word' id='word_1_96' title='bbox 955 1546 1009 1578; x_wconf 86' lang='lat'>17.</span> 
     </span>
     <span class='ocr_line' id='line_1_35' title="bbox 352 1591 760 1625; baseline -0.002 -1"><span class='ocrx_word' id='word_1_97' title='bbox 352 1592 488 1625; x_wconf 82' lang='lat' dir='ltr'>Nostras</span> <span class='ocrx_word' id='word_1_98' title='bbox 512 1591 760 1625; x_wconf 81' lang='lat' dir='ltr'>tribulationes?</span> 
     </span>
     <span class='ocr_line' id='line_1_36' title="bbox 350 1640 789 1681; baseline -0.002 -8"><span class='ocrx_word' id='word_1_99' title='bbox 350 1641 465 1673; x_wconf 86' lang='lat' dir='ltr'>Redde</span> <span class='ocrx_word' id='word_1_100' title='bbox 490 1644 612 1674; x_wconf 90' lang='lat' dir='ltr'>mentes</span> <span class='ocrx_word' id='word_1_101' title='bbox 638 1640 789 1681; x_wconf 83' lang='lat' dir='ltr'>pacificas</span> 
     </span>
     <span class='ocr_line' id='line_1_37' title="bbox 349 1689 746 1722; baseline 0 -2"><span class='ocrx_word' id='word_1_102' title='bbox 349 1689 411 1720; x_wconf 91' lang='lat' dir='ltr'>Per</span> <span class='ocrx_word' id='word_1_103' title='bbox 437 1690 550 1721; x_wconf 85' lang='lat' dir='ltr'>matris</span> <span class='ocrx_word' id='word_1_104' title='bbox 576 1689 746 1722; x_wconf 84' lang='lat' dir='ltr'>orationes.</span> 
     </span>
     <span class='ocr_line' id='line_1_38' title="bbox 352 1776 1009 1816; baseline 0 -7"><span class='ocrx_word' id='word_1_105' title='bbox 352 1776 520 1809; x_wconf 84' lang='lat' dir='ltr'>Orationes</span> <span class='ocrx_word' id='word_1_106' title='bbox 546 1778 726 1816; x_wconf 87' lang='lat' dir='ltr'>praesenta,</span> <span class='ocrx_word' id='word_1_107' title='bbox 955 1776 1009 1810; x_wconf 81' lang='lat'>18.</span> 
     </span>
    </p>
   </div>
   <div class='ocr_carea' id='block_1_18' title="bbox 349 1823 856 1952">
    <p class='ocr_par' dir='ltr' id='par_1_20' title="bbox 349 1823 856 1952">
     <span class='ocr_line' id='line_1_39' title="bbox 349 1823 817 1864; baseline -0.002 -8"><span class='ocrx_word' id='word_1_108' title='bbox 349 1824 398 1856; x_wconf 88' lang='lat' dir='ltr'>Tu</span> <span class='ocrx_word' id='word_1_109' title='bbox 426 1824 591 1856; x_wconf 86' lang='lat' dir='ltr'>dominans</span> <span class='ocrx_word' id='word_1_110' title='bbox 619 1823 817 1864; x_wconf 88' lang='lat' dir='ltr'>dominabus,</span> 
     </span>
     <span class='ocr_line' id='line_1_40' title="bbox 355 1872 856 1913; baseline 0 -10"><span class='ocrx_word' id='word_1_111' title='bbox 355 1872 441 1911; x_wconf 84' lang='lat' dir='ltr'>Quae</span> <span class='ocrx_word' id='word_1_112' title='bbox 466 1874 594 1913; x_wconf 85' lang='lat' dir='ltr'>tergant</span> <span class='ocrx_word' id='word_1_113' title='bbox 617 1872 856 1911; x_wconf 86' lang='lat' dir='ltr'>inquinamenta</span> 
     </span>
     <span class='ocr_line' id='line_1_41' title="bbox 351 1920 716 1952; baseline -0.003 0"><span class='ocrx_word' id='word_1_114' title='bbox 351 1920 512 1952; x_wconf 87' lang='lat' dir='ltr'>Fidelium</span> <span class='ocrx_word' id='word_1_115' title='bbox 539 1920 716 1952; x_wconf 86' lang='lat' dir='ltr'>animabus.</span> 
     </span>
    </p>
   </div>
   <div class='ocr_carea' id='block_1_19' title="bbox 349 2007 806 2195">
    <p class='ocr_par' dir='ltr' id='par_1_21' title="bbox 349 2007 806 2195">
     <span class='ocr_line' id='line_1_42' title="bbox 349 2007 753 2040; baseline -0.005 0"><span class='ocrx_word' id='word_1_116' title='bbox 349 2007 525 2040; x_wconf 85' lang='lat' dir='ltr'>Animabus</span> <span class='ocrx_word' id='word_1_117' title='bbox 552 2007 635 2039; x_wconf 89' lang='lat' dir='ltr'>enim</span> <span class='ocrx_word' id='word_1_118' title='bbox 659 2007 753 2038; x_wconf 86' lang='lat' dir='ltr'>malis</span> 
     </span>
     <span class='ocr_line' id='line_1_43' title="bbox 349 2055 783 2096; baseline -0.005 -8"><span class='ocrx_word' id='word_1_119' title='bbox 349 2056 432 2088; x_wconf 86' lang='lat' dir='ltr'>Esse</span> <span class='ocrx_word' id='word_1_120' title='bbox 453 2056 539 2088; x_wconf 84' lang='lat' dir='ltr'>salus</span> <span class='ocrx_word' id='word_1_121' title='bbox 564 2065 626 2087; x_wconf 90' lang='lat' dir='ltr'>non</span> <span class='ocrx_word' id='word_1_122' title='bbox 653 2055 783 2096; x_wconf 85' lang='lat' dir='ltr'>poterit,</span> 
     </span>
     <span class='ocr_line' id='line_1_44' title="bbox 349 2103 806 2146; baseline -0.002 -10"><span class='ocrx_word' id='word_1_123' title='bbox 349 2104 421 2136; x_wconf 79' lang='lat' dir='ltr'>Nisi</span> <span class='ocrx_word' id='word_1_124' title='bbox 446 2113 523 2145; x_wconf 86' lang='lat' dir='ltr'>quas</span> <span class='ocrx_word' id='word_1_125' title='bbox 549 2112 622 2144; x_wconf 88' lang='lat' dir='ltr'>spes</span> <span class='ocrx_word' id='word_1_126' title='bbox 647 2103 806 2146; x_wconf 88' lang='lat' dir='ltr'>specialis,</span> 
     </span>
     <span class='ocr_line' id='line_1_45' title="bbox 349 2152 735 2195; baseline -0.005 -10"><span class='ocrx_word' id='word_1_127' title='bbox 349 2152 457 2185; x_wconf 88' lang='lat' dir='ltr'>Maria</span> <span class='ocrx_word' id='word_1_128' title='bbox 483 2153 581 2195; x_wconf 84' lang='lat' dir='ltr'>virgo,</span> <span class='ocrx_word' id='word_1_129' title='bbox 608 2152 735 2184; x_wconf 83' lang='lat' dir='ltr'>iuverit.</span> 
     </span>
    </p>
   </div>
   <div class='ocr_carea' id='block_1_20' title="bbox 886 2239 943 2272">
    <p class='ocr_par' dir='ltr' id='par_1_22' title="bbox 886 2239 943 2272">
     <span class='ocr_line' id='line_1_46' title="bbox 886 2239 943 2272; baseline 0.018 -1"><span class='ocrx_word' id='word_1_130' title='bbox 886 2239 943 2272; x_wconf 88' lang='lat' dir='ltr'>IV.</span> 
     </span>
    </p>
   </div>
   <div class='ocr_carea' id='block_1_21' title="bbox 351 2307 843 2494">
    <p class='ocr_par' dir='ltr' id='par_1_23' title="bbox 351 2307 843 2494">
     <span class='ocr_line' id='line_1_47' title="bbox 354 2307 843 2347; baseline -0.004 -6"><span class='ocrx_word' id='word_1_131' title='bbox 354 2307 431 2341; x_wconf 89' lang='lat' dir='ltr'>Cum</span> <span class='ocrx_word' id='word_1_132' title='bbox 457 2308 640 2341; x_wconf 81' lang='lat' dir='ltr'>invocarem</span> <span class='ocrx_word' id='word_1_133' title='bbox 667 2307 843 2347; x_wconf 79' lang='lat' dir='ltr'>deprecans</span> 
     </span>
     <span class='ocr_line' id='line_1_48' title="bbox 351 2356 754 2399; baseline 0 -12"><span class='ocrx_word' id='word_1_134' title='bbox 351 2356 408 2397; x_wconf 88' lang='lat' dir='ltr'>Te,</span> <span class='ocrx_word' id='word_1_135' title='bbox 436 2366 562 2390; x_wconf 83' lang='lat' dir='ltr'>reorum</span> <span class='ocrx_word' id='word_1_136' title='bbox 588 2356 754 2399; x_wconf 85' lang='lat' dir='ltr'>advocata,</span> 
     </span>
     <span class='ocr_line' id='line_1_49' title="bbox 353 2404 773 2438; baseline 0 -2"><span class='ocrx_word' id='word_1_137' title='bbox 353 2404 525 2438; x_wconf 82' lang='lat' dir='ltr'>Exaudisti</span> <span class='ocrx_word' id='word_1_138' title='bbox 550 2414 601 2437; x_wconf 89' lang='lat' dir='ltr'>me</span> <span class='ocrx_word' id='word_1_139' title='bbox 625 2414 773 2437; x_wconf 88' lang='lat' dir='ltr'>resecans</span> 
     </span>
     <span class='ocr_line' id='line_1_50' title="bbox 351 2452 716 2494; baseline -0.003 -8"><span class='ocrx_word' id='word_1_140' title='bbox 351 2452 428 2486; x_wconf 77' lang='lat' dir='ltr'>Mea</span> <span class='ocrx_word' id='word_1_141' title='bbox 451 2454 550 2486; x_wconf 87' lang='lat' dir='ltr'>nimia</span> <span class='ocrx_word' id='word_1_142' title='bbox 573 2458 716 2494; x_wconf 85' lang='lat' dir='ltr'>peccata.</span> 
     </span>
    </p>
   </div>
   <div class='ocr_carea' id='block_1_22' title="bbox 952 786 1006 819">
    <p class='ocr_par' dir='ltr' id='par_1_24' title="bbox 952 786 1006 819">
     <span class='ocr_line' id='line_1_51' title="bbox 952 786 1006 819; baseline 0.019 -1"><span class='ocrx_word' id='word_1_143' title='bbox 952 786 1006 819; x_wconf 94' lang='lat'>11.</span> 
     </span>
    </p>
   </div>
   <div class='ocr_carea' id='block_1_23' title="bbox 955 1017 1010 1051">
    <p class='ocr_par' dir='ltr' id='par_1_25' title="bbox 955 1017 1010 1051">
     <span class='ocr_line' id='line_1_52' title="bbox 955 1017 1010 1051; baseline 0.036 -2"><span class='ocrx_word' id='word_1_144' title='bbox 955 1017 1010 1051; x_wconf 82' lang='lat'>12.</span> 
     </span>
    </p>
   </div>
   <div class='ocr_carea' id='block_1_24' title="bbox 955 1247 1008 1280">
    <p class='ocr_par' dir='ltr' id='par_1_26' title="bbox 955 1247 1008 1280">
     <span class='ocr_line' id='line_1_53' title="bbox 955 1247 1008 1280; baseline 0 -1"><span class='ocrx_word' id='word_1_145' title='bbox 955 1247 1008 1280; x_wconf 84' lang='lat'>13.</span> 
     </span>
    </p>
   </div>
   <div class='ocr_carea' id='block_1_25' title="bbox 954 2008 1009 2041">
    <p class='ocr_par' dir='ltr' id='par_1_27' title="bbox 954 2008 1009 2041">
     <span class='ocr_line' id='line_1_54' title="bbox 954 2008 1009 2041; baseline 0.018 -1"><span class='ocrx_word' id='word_1_146' title='bbox 954 2008 1009 2041; x_wconf 87' lang='lat'>19.</span> 
     </span>
    </p>
   </div>
   <div class='ocr_carea' id='block_1_26' title="bbox 959 2307 1015 2339">
    <p class='ocr_par' dir='ltr' id='par_1_28' title="bbox 959 2307 1015 2339">
     <span class='ocr_line' id='line_1_55' title="bbox 959 2307 1015 2339; baseline 0 0"><span class='ocrx_word' id='word_1_147' title='bbox 959 2307 1015 2339; x_wconf 84' lang='lat'>21.</span> 
     </span>
    </p>
   </div>
   <div class='ocr_carea' id='block_1_27' title="bbox 1033 784 1541 969">
    <p class='ocr_par' dir='ltr' id='par_1_29' title="bbox 1033 784 1437 874">
     <span class='ocr_line' id='line_1_56' title="bbox 1035 784 1437 825; baseline -0.002 -8"><span class='ocrx_word' id='word_1_148' title='bbox 1035 785 1217 825; x_wconf 86' lang='lat' dir='ltr'>Coeperunt</span> <span class='ocrx_word' id='word_1_149' title='bbox 1241 784 1437 817; x_wconf 88' lang='lat' dir='ltr'>fructificare</span> 
     </span>
     <span class='ocr_line' id='line_1_57' title="bbox 1033 832 1382 874; baseline 0 -9"><span class='ocrx_word' id='word_1_150' title='bbox 1033 832 1162 866; x_wconf 82' lang='lat' dir='ltr'>Perfusi</span> <span class='ocrx_word' id='word_1_151' title='bbox 1187 836 1243 865; x_wconf 91' lang='lat' dir='ltr'>tua</span> <span class='ocrx_word' id='word_1_152' title='bbox 1266 833 1382 874; x_wconf 86' lang='lat' dir='ltr'>gratia,</span> 
     </span>
    </p>

    <p class='ocr_par' dir='ltr' id='par_1_30' title="bbox 1033 879 1541 969">
     <span class='ocr_line' id='line_1_58' title="bbox 1033 879 1491 925; baseline -0.004 -11"><span class='ocrx_word' id='word_1_153' title='bbox 1033 879 1149 925; x_wconf 88' lang='lat' dir='ltr'>Maria,</span> <span class='ocrx_word' id='word_1_154' title='bbox 1176 881 1232 913; x_wconf 83' lang='lat' dir='ltr'>lux</span> <span class='ocrx_word' id='word_1_155' title='bbox 1257 882 1366 913; x_wconf 91' lang='lat' dir='ltr'>lucens</span> <span class='ocrx_word' id='word_1_156' title='bbox 1396 881 1491 923; x_wconf 89' lang='lat' dir='ltr'>clare,</span> 
     </span>
     <span class='ocr_line' id='line_1_59' title="bbox 1035 928 1541 969; baseline -0.002 -8"><span class='ocrx_word' id='word_1_157' title='bbox 1035 930 1134 969; x_wconf 80' lang='lat' dir='ltr'>Quam</span> <span class='ocrx_word' id='word_1_158' title='bbox 1160 938 1286 969; x_wconf 88' lang='lat' dir='ltr'>semper</span> <span class='ocrx_word' id='word_1_159' title='bbox 1313 930 1405 961; x_wconf 90' lang='lat' dir='ltr'>decet</span> <span class='ocrx_word' id='word_1_160' title='bbox 1430 928 1541 969; x_wconf 86' lang='lat' dir='ltr'>gloria.</span> 
     </span>
    </p>
   </div>
   <div class='ocr_carea' id='block_1_28' title="bbox 1033 1016 1551 1200">
    <p class='ocr_par' dir='ltr' id='par_1_31' title="bbox 1038 1016 1387 1059">
     <span class='ocr_line' id='line_1_60' title="bbox 1038 1016 1387 1059; baseline -0.003 -11"><span class='ocrx_word' id='word_1_161' title='bbox 1038 1016 1150 1048; x_wconf 83' lang='lat' dir='ltr'>Gloria</span> <span class='ocrx_word' id='word_1_162' title='bbox 1174 1016 1243 1056; x_wconf 89' lang='lat' dir='ltr'>tibi,</span> <span class='ocrx_word' id='word_1_163' title='bbox 1271 1016 1387 1059; x_wconf 87' lang='lat' dir='ltr'>Maria,</span> 
     </span>
    </p>

    <p class='ocr_par' dir='ltr' id='par_1_32' title="bbox 1033 1063 1551 1200">
     <span class='ocr_line' id='line_1_61' title="bbox 1033 1063 1551 1104; baseline 0 -9"><span class='ocrx_word' id='word_1_164' title='bbox 1033 1064 1097 1096; x_wconf 86' lang='lat' dir='ltr'>Per</span> <span class='ocrx_word' id='word_1_165' title='bbox 1123 1073 1216 1104; x_wconf 86' lang='lat' dir='ltr'>quarn</span> <span class='ocrx_word' id='word_1_166' title='bbox 1242 1064 1276 1095; x_wconf 89' lang='lat' dir='ltr'>in</span> <span class='ocrx_word' id='word_1_167' title='bbox 1304 1063 1393 1096; x_wconf 85' lang='lat' dir='ltr'>Cana</span> <span class='ocrx_word' id='word_1_168' title='bbox 1417 1063 1551 1103; x_wconf 90' lang='lat' dir='ltr'>nuptiae</span> 
     </span>
     <span class='ocr_line' id='line_1_62' title="bbox 1033 1110 1499 1144; baseline 0 -1"><span class='ocrx_word' id='word_1_169' title='bbox 1033 1111 1151 1144; x_wconf 83' lang='lat' dir='ltr'>Vinum</span> <span class='ocrx_word' id='word_1_170' title='bbox 1175 1110 1296 1143; x_wconf 86' lang='lat' dir='ltr'>factum</span> <span class='ocrx_word' id='word_1_171' title='bbox 1321 1121 1417 1144; x_wconf 84' lang='lat' dir='ltr'>manu</span> <span class='ocrx_word' id='word_1_172' title='bbox 1444 1112 1499 1144; x_wconf 90' lang='lat' dir='ltr'>dia</span> 
     </span>
     <span class='ocr_line' id='line_1_63' title="bbox 1037 1159 1509 1200; baseline 0.002 -9"><span class='ocrx_word' id='word_1_173' title='bbox 1037 1159 1201 1199; x_wconf 87' lang='lat' dir='ltr'>Ceperunt</span> <span class='ocrx_word' id='word_1_174' title='bbox 1225 1169 1339 1200; x_wconf 88' lang='lat' dir='ltr'>aquam</span> <span class='ocrx_word' id='word_1_175' title='bbox 1364 1160 1509 1200; x_wconf 87' lang='lat' dir='ltr'>hydriae.</span> 
     </span>
    </p>
   </div>
   <div class='ocr_carea' id='block_1_29' title="bbox 1035 1245 1528 1425">
    <p class='ocr_par' dir='ltr' id='par_1_33' title="bbox 1035 1245 1528 1425">
     <span class='ocr_line' id='line_1_64' title="bbox 1035 1245 1409 1287; baseline 0 -9"><span class='ocrx_word' id='word_1_176' title='bbox 1035 1247 1185 1287; x_wconf 84' lang='lat' dir='ltr'>Hydriae</span> <span class='ocrx_word' id='word_1_177' title='bbox 1207 1249 1262 1278; x_wconf 89' lang='lat' dir='ltr'>tua</span> <span class='ocrx_word' id='word_1_178' title='bbox 1286 1245 1409 1278; x_wconf 87' lang='lat' dir='ltr'>fluenta</span> 
     </span>
     <span class='ocr_line' id='line_1_65' title="bbox 1035 1294 1492 1335; baseline 0.002 -9"><span class='ocrx_word' id='word_1_179' title='bbox 1035 1294 1160 1334; x_wconf 85' lang='lat' dir='ltr'>Funde,</span> <span class='ocrx_word' id='word_1_180' title='bbox 1187 1295 1284 1335; x_wconf 89' lang='lat' dir='ltr'>plena</span> <span class='ocrx_word' id='word_1_181' title='bbox 1311 1295 1492 1335; x_wconf 86' lang='lat' dir='ltr'>dulcedine,</span> 
     </span>
     <span class='ocr_line' id='line_1_66' title="bbox 1035 1343 1460 1383; baseline 0.002 -9"><span class='ocrx_word' id='word_1_182' title='bbox 1035 1343 1203 1383; x_wconf 87' lang='lat' dir='ltr'>Familiae,</span> <span class='ocrx_word' id='word_1_183' title='bbox 1230 1351 1310 1383; x_wconf 86' lang='lat' dir='ltr'>quae</span> <span class='ocrx_word' id='word_1_184' title='bbox 1335 1343 1460 1375; x_wconf 85' lang='lat' dir='ltr'>intenta</span> 
     </span>
     <span class='ocr_line' id='line_1_67' title="bbox 1037 1391 1528 1425; baseline 0.006 -3"><span class='ocrx_word' id='word_1_185' title='bbox 1037 1391 1143 1423; x_wconf 85' lang='lat' dir='ltr'>Laudi</span> <span class='ocrx_word' id='word_1_186' title='bbox 1167 1393 1276 1423; x_wconf 78' lang='lat' dir='ltr'>tantae</span> <span class='ocrx_word' id='word_1_187' title='bbox 1301 1391 1344 1422; x_wconf 88' lang='lat' dir='ltr'>sit</span> <span class='ocrx_word' id='word_1_188' title='bbox 1370 1391 1528 1425; x_wconf 86' lang='lat' dir='ltr'>dominae.</span> 
     </span>
    </p>
   </div>
   <div class='ocr_carea' id='block_1_30' title="bbox 1035 1544 1521 1729">
    <p class='ocr_par' dir='ltr' id='par_1_34' title="bbox 1035 1544 1521 1729">
     <span class='ocr_line' id='line_1_68' title="bbox 1035 1544 1480 1586; baseline 0.002 -10"><span class='ocrx_word' id='word_1_189' title='bbox 1035 1544 1111 1577; x_wconf 85' lang='lat' dir='ltr'>Erit</span> <span class='ocrx_word' id='word_1_190' title='bbox 1135 1548 1240 1577; x_wconf 88' lang='lat' dir='ltr'>autem</span> <span class='ocrx_word' id='word_1_191' title='bbox 1266 1545 1358 1578; x_wconf 90' lang='lat' dir='ltr'>nobis</span> <span class='ocrx_word' id='word_1_192' title='bbox 1383 1546 1480 1586; x_wconf 88' lang='lat' dir='ltr'>salus,</span> 
     </span>
     <span class='ocr_line' id='line_1_69' title="bbox 1037 1592 1505 1636; baseline 0.002 -12"><span class='ocrx_word' id='word_1_193' title='bbox 1037 1592 1071 1625; x_wconf 87' lang='lat' dir='ltr'>Si</span> <span class='ocrx_word' id='word_1_194' title='bbox 1096 1595 1139 1634; x_wconf 87' lang='lat' dir='ltr'>te,</span> <span class='ocrx_word' id='word_1_195' title='bbox 1167 1593 1267 1634; x_wconf 74' lang='lat' dir='ltr'>virgo,</span> <span class='ocrx_word' id='word_1_196' title='bbox 1295 1594 1393 1627; x_wconf 81' lang='lat' dir='ltr'>simus</span> <span class='ocrx_word' id='word_1_197' title='bbox 1420 1593 1505 1636; x_wconf 86' lang='lat' dir='ltr'>fulti,</span> 
     </span>
     <span class='ocr_line' id='line_1_70' title="bbox 1038 1641 1521 1687; baseline 0.002 -14"><span class='ocrx_word' id='word_1_198' title='bbox 1038 1641 1107 1681; x_wconf 85' lang='lat' dir='ltr'>Qua</span> <span class='ocrx_word' id='word_1_199' title='bbox 1133 1641 1255 1673; x_wconf 79' lang='lat' dir='ltr'>decidit</span> <span class='ocrx_word' id='word_1_200' title='bbox 1278 1642 1379 1675; x_wconf 89' lang='lat' dir='ltr'>hostis</span> <span class='ocrx_word' id='word_1_201' title='bbox 1404 1643 1521 1687; x_wconf 88' lang='lat' dir='ltr'>malus,</span> 
     </span>
     <span class='ocr_line' id='line_1_71' title="bbox 1035 1689 1466 1729; baseline 0.002 -8"><span class='ocrx_word' id='word_1_202' title='bbox 1035 1690 1104 1729; x_wconf 81' lang='lat' dir='ltr'>Qua</span> <span class='ocrx_word' id='word_1_203' title='bbox 1126 1689 1341 1722; x_wconf 89' lang='lat' dir='ltr'>iustificantur</span> <span class='ocrx_word' id='word_1_204' title='bbox 1362 1691 1466 1723; x_wconf 89' lang='lat' dir='ltr'>multi.</span> 
     </span>
    </p>
   </div>
   <div class='ocr_carea' id='block_1_31' title="bbox 1033 1776 1511 1964">
    <p class='ocr_par' dir='ltr' id='par_1_35' title="bbox 1033 1776 1502 1859">
     <span class='ocr_line' id='line_1_72' title="bbox 1036 1776 1502 1819; baseline 0.006 -11"><span class='ocrx_word' id='word_1_205' title='bbox 1036 1776 1134 1808; x_wconf 85' lang='lat' dir='ltr'>Multi</span> <span class='ocrx_word' id='word_1_206' title='bbox 1159 1786 1285 1817; x_wconf 88' lang='lat' dir='ltr'>quoque</span> <span class='ocrx_word' id='word_1_207' title='bbox 1309 1778 1502 1819; x_wconf 85' lang='lat' dir='ltr'>pigritantes</span> 
     </span>
     <span class='ocr_line' id='line_1_73' title="bbox 1033 1825 1408 1859; baseline 0.008 -3"><span class='ocrx_word' id='word_1_208' title='bbox 1033 1825 1174 1857; x_wconf 76' lang='lat' dir='ltr'>Abiecta.</span> <span class='ocrx_word' id='word_1_209' title='bbox 1196 1826 1408 1859; x_wconf 87' lang='lat' dir='ltr'>somnolentia</span> 
     </span>
    </p>

    <p class='ocr_par' dir='ltr' id='par_1_36' title="bbox 1035 1873 1511 1964">
     <span class='ocr_line' id='line_1_74' title="bbox 1036 1873 1506 1914; baseline 0.006 -9"><span class='ocrx_word' id='word_1_210' title='bbox 1036 1873 1213 1914; x_wconf 88' lang='lat' dir='ltr'>Pervigiles</span> <span class='ocrx_word' id='word_1_211' title='bbox 1239 1883 1298 1914; x_wconf 89' lang='lat' dir='ltr'>per</span> <span class='ocrx_word' id='word_1_212' title='bbox 1324 1877 1358 1906; x_wconf 88' lang='lat' dir='ltr'>te</span> <span class='ocrx_word' id='word_1_213' title='bbox 1382 1878 1506 1908; x_wconf 88' lang='lat' dir='ltr'>stantes</span> 
     </span>
     <span class='ocr_line' id='line_1_75' title="bbox 1035 1921 1511 1964; baseline 0.011 -12"><span class='ocrx_word' id='word_1_214' title='bbox 1035 1921 1139 1953; x_wconf 83' lang='lat' dir='ltr'>Iesum</span> <span class='ocrx_word' id='word_1_215' title='bbox 1167 1922 1275 1954; x_wconf 85' lang='lat' dir='ltr'>colunt</span> <span class='ocrx_word' id='word_1_216' title='bbox 1302 1931 1372 1955; x_wconf 88' lang='lat' dir='ltr'>cum</span> <span class='ocrx_word' id='word_1_217' title='bbox 1398 1924 1511 1964; x_wconf 85' lang='lat' dir='ltr'>gloria.</span> 
     </span>
    </p>
   </div>
   <div class='ocr_carea' id='block_1_32' title="bbox 1033 2007 1544 2192">
    <p class='ocr_par' dir='ltr' id='par_1_37' title="bbox 1037 2007 1413 2051">
     <span class='ocr_line' id='line_1_76' title="bbox 1037 2007 1413 2051; baseline 0.011 -12"><span class='ocrx_word' id='word_1_218' title='bbox 1037 2007 1149 2040; x_wconf 80' lang='lat' dir='ltr'>Gloria</span> <span class='ocrx_word' id='word_1_219' title='bbox 1173 2008 1244 2048; x_wconf 88' lang='lat' dir='ltr'>tibi,</span> <span class='ocrx_word' id='word_1_220' title='bbox 1274 2010 1413 2051; x_wconf 85' lang='lat' dir='ltr'>domina,</span> 
     </span>
    </p>

    <p class='ocr_par' dir='ltr' id='par_1_38' title="bbox 1033 2056 1544 2192">
     <span class='ocr_line' id='line_1_77' title="bbox 1035 2056 1489 2099; baseline 0.015 -13"><span class='ocrx_word' id='word_1_221' title='bbox 1035 2056 1122 2095; x_wconf 79' lang='lat' dir='ltr'>Quae</span> <span class='ocrx_word' id='word_1_222' title='bbox 1146 2065 1205 2096; x_wconf 84' lang='lat' dir='ltr'>per</span> <span class='ocrx_word' id='word_1_223' title='bbox 1230 2058 1293 2089; x_wconf 89' lang='lat' dir='ltr'>iter</span> <span class='ocrx_word' id='word_1_224' title='bbox 1316 2059 1489 2099; x_wconf 81' lang='lat' dir='ltr'>impiorum</span> 
     </span>
     <span class='ocr_line' id='line_1_78' title="bbox 1034 2103 1474 2151; baseline 0.014 -17"><span class='ocrx_word' id='word_1_225' title='bbox 1034 2103 1166 2145; x_wconf 86' lang='lat' dir='ltr'>Spargis</span> <span class='ocrx_word' id='word_1_226' title='bbox 1192 2106 1316 2146; x_wconf 86' lang='lat' dir='ltr'>gratiae</span> <span class='ocrx_word' id='word_1_227' title='bbox 1340 2108 1474 2151; x_wconf 75' lang='lat' dir='ltr'>semina,</span> 
     </span>
     <span class='ocr_line' id='line_1_79' title="bbox 1033 2152 1544 2192; baseline 0.012 -7"><span class='ocrx_word' id='word_1_228' title='bbox 1033 2152 1079 2185; x_wconf 91' lang='lat' dir='ltr'>Ut</span> <span class='ocrx_word' id='word_1_229' title='bbox 1109 2153 1192 2185; x_wconf 88' lang='lat' dir='ltr'>viam</span> <span class='ocrx_word' id='word_1_230' title='bbox 1218 2159 1354 2188; x_wconf 84' lang='lat' dir='ltr'>noscant</span> <span class='ocrx_word' id='word_1_231' title='bbox 1376 2157 1544 2192; x_wconf 87' lang='lat' dir='ltr'>iustorum.</span> 
     </span>
    </p>
   </div>
   <div class='ocr_carea' id='block_1_33' title="bbox 1040 2308 1573 2494">
    <p class='ocr_par' dir='ltr' id='par_1_39' title="bbox 1041 2308 1486 2403">
     <span class='ocr_line' id='line_1_80' title="bbox 1043 2308 1486 2352; baseline 0.014 -13"><span class='ocrx_word' id='word_1_232' title='bbox 1043 2308 1179 2340; x_wconf 83' lang='lat' dir='ltr'>Peccata</span> <span class='ocrx_word' id='word_1_233' title='bbox 1205 2310 1306 2342; x_wconf 86' lang='lat' dir='ltr'>multa</span> <span class='ocrx_word' id='word_1_234' title='bbox 1331 2312 1486 2352; x_wconf 85' lang='lat' dir='ltr'>gessimus</span> 
     </span>
     <span class='ocr_line' id='line_1_81' title="bbox 1041 2356 1444 2403; baseline 0.015 -16"><span class='ocrx_word' id='word_1_235' title='bbox 1041 2356 1183 2396; x_wconf 86' lang='lat' dir='ltr'>Parvuli,</span> <span class='ocrx_word' id='word_1_236' title='bbox 1209 2359 1304 2397; x_wconf 83' lang='lat' dir='ltr'>plura</span> <span class='ocrx_word' id='word_1_237' title='bbox 1330 2360 1444 2403; x_wconf 87' lang='lat' dir='ltr'>adulti,</span> 
     </span>
    </p>

    <p class='ocr_par' dir='ltr' id='par_1_40' title="bbox 1040 2405 1573 2494">
     <span class='ocr_line' id='line_1_82' title="bbox 1040 2405 1573 2451; baseline 0.013 -16"><span class='ocrx_word' id='word_1_238' title='bbox 1040 2405 1128 2444; x_wconf 80' lang='lat' dir='ltr'>Quae</span> <span class='ocrx_word' id='word_1_239' title='bbox 1145 2405 1216 2449; x_wconf 88' lang='lat' dir='ltr'>tibi,</span> <span class='ocrx_word' id='word_1_240' title='bbox 1241 2416 1370 2450; x_wconf 88' lang='lat' dir='ltr'>parens,</span> <span class='ocrx_word' id='word_1_241' title='bbox 1389 2409 1573 2451; x_wconf 83' lang='lat' dir='ltr'>pandimus,</span> 
     </span>
     <span class='ocr_line' id='line_1_83' title="bbox 1041 2453 1534 2494; baseline 0.014 -9"><span class='ocrx_word' id='word_1_242' title='bbox 1041 2453 1109 2494; x_wconf 75' lang='lat' dir='ltr'>Qua</span> <span class='ocrx_word' id='word_1_243' title='bbox 1133 2454 1300 2488; x_wconf 88' lang='lat' dir='ltr'>salvantur</span> <span class='ocrx_word' id='word_1_244' title='bbox 1323 2457 1405 2489; x_wconf 89' lang='lat' dir='ltr'>recti</span> <span class='ocrx_word' id='word_1_245' title='bbox 1430 2457 1534 2492; x_wconf 85' lang='lat' dir='ltr'>multi.</span> 
     </span>
    </p>
   </div>
  </div>
 </body>
</html>
