1655 2726
150 224 206 257 41.

151 671 205 704 42.

147 1117 203 1150 43.

152 1563 209 1595 44.

142 2011 199 2045 45.

236 227 314 265 Ave,
343 224 429 256 vitae

284 271 368 315 fons,
395 281 488 313 quem
517 275 678 315 desidero,

234 321 331 355 Cuius
358 321 447 353 rivus

283 378 322 401 ex
347 371 402 401 tuo
428 372 520 402 utero

233 417 301 451 Nos
327 418 480 450 emundat

282 475 302 498 a
327 466 424 499 sorde
447 467 605 507 maxima3

238 514 343 554 Quare
369 523 444 555 ergo

281 563 384 596 tristis
411 572 455 605 es,
483 562 614 595 animai>

232 671 315 710 Ave,
343 671 498 710 templum

281 719 363 751 lucis
390 721 578 759 perpetuae,

232 766 300 800 Nos
326 777 346 799 a
370 770 466 807 gente

281 815 394 848 dolosa
419 824 505 856 erue,

232 866 330 907 Quae,
356 865 393 895 ut
418 865 515 896 vitam

281 921 390 945 orares
416 913 550 953 homini,

230 961 375 994 Introisti

277 1010 319 1042 ad
346 1019 436 1042 aram
463 1009 604 1042 Domini.

230 1117 313 1157 Ave,
339 1121 454 1156 potens

275 1164 311 1196 in
337 1164 426 1198 cuius
452 1166 580 1198 nomine

231 1212 449 1254 Malignorum

279 1265 388 1302 spreto
414 1262 579 1295 molimine

231 1309 482 1351 Triumphamus

280 1358 415 1391 devictis
442 1360 588 1392 hostibus

228 1407 274 1440 Et
297 1408 461 1441 salvamur

281 1455 321 1487 de
346 1454 573 1497 affligentibus.

235 1563 317 1604 Ave,
348 1563 434 1603 regis

280 1610 392 1643 domus
419 1612 570 1656 eburnea,

230 1659 325 1692 Foris
353 1660 494 1692 candens

277 1711 309 1739 et
332 1709 419 1741 intus
444 1718 552 1751 aurea,

229 1756 329 1796 Quam
357 1757 510 1791 virtutum

276 1806 488 1839 varietatibus

227 1854 299 1887 Rex
327 1855 475 1888 decoram

276 1901 356 1936 fecit
382 1913 461 1944 prae
487 1903 645 1938 ommbus.

225 2011 308 2051 Ave,
335 2011 426 2043 cuius

274 2058 360 2092 Deus
386 2059 556 2102 refugium,

224 2109 342 2141 Iuncta
366 2108 468 2142 virtus

277 2159 325 2189 est
351 2157 558 2200 adiutorium,

226 2207 315 2247 Quae
339 2207 494 2239 virtutum

276 2257 388 2287 tenens
416 2253 547 2297 fastigia

224 2303 330 2345 Super
353 2307 474 2337 terram

271 2353 365 2394 ponis
390 2353 551 2394 prodigia.

685 129 923 166 -31-

846 228 902 262 46.
928 228 1011 270 Ave,
1039 228 1139 271 virgo,

847 674 902 705 47.

848 1117 902 1150 48.

847 1565 903 1598 49.

849 2014 903 2046 50.

982 286 1065 318 quae
1089 277 1218 318 plaudis
1243 277 1390 310 manibus

932 323 1155 366 Subiectisque

981 374 1101 413 gaudes
1129 374 1168 405 de
1192 374 1351 415 gentibue,

931 420 1032 453 Tuam
1060 422 1151 454 nobis

979 470 1114 502 ostende
1139 469 1265 513 faciem,

932 516 1028 550 Cuius
1055 518 1141 550 Deus

981 566 1096 598 dilexit
1118 567 1268 605 speciem.

929 671 1011 714 Xve,
1039 672 1100 704 Dei

978 730 1069 754 mons
1094 722 1164 753 sive
1189 721 1312 760 civitas,

930 770 983 802 Ad
1010 774 1044 803 te
1068 773 1205 812 nostras,

980 822 1131 851 converte
1156 819 1287 849 semitas

933 866 979 899 Ut
1002 867 1035 899 in
1061 867 1125 898 tuis

981 916 1129 956 cognosci
1157 914 1302 947 domibus

932 962 1117 996 Mers-tamur

981 1021 1051 1044 cum
1078 1011 1159 1043 caeli
1186 1011 1318 1044 civibus,

929 1118 1011 1160 Ave,
1037 1125 1139 1158 wrgo,

980 1175 1040 1206 per
1066 1166 1154 1197 cuius
1180 1168 1328 1197 merltum

930 1213 1114 1247 Evaserunt

982 1263 1093 1295 mortis
1118 1263 1293 1304 interitum,

932 1313 1017 1351 Quos
1042 1311 1181 1343 redemit

981 1360 1021 1392 de
1046 1368 1143 1391 mauu
1168 1358 1263 1391 inferi

931 1408 991 1441 Tui
1017 1416 1145 1449 germen

980 1459 1012 1488 et
1037 1455 1161 1489 fructus
1187 1456 1280 1489 uteri.

930 1565 1011 1606 Ave,
1041 1567 1129 1596 cuius

979 1621 1020 1644 ex
1045 1611 1120 1644 Sion
1147 1613 1283 1651 species,

932 1661 1028 1694 Cuius
1053 1663 1087 1691 ut
1114 1660 1162 1692 sol

981 1710 1099 1742 decora
1124 1708 1233 1751 facies,

931 1759 1028 1793 Unde
1051 1758 1141 1790 venit

980 1808 1111 1840 deorum
1139 1806 1297 1849 dominus,

931 1855 976 1889 Ut
1006 1856 1177 1888 humanum

981 1905 1103 1936 deleret
1131 1902 1267 1936 facinus.

931 2013 1012 2052 Ave,
1039 2014 1142 2044 mater

980 2059 1231 2099 misericordiac,

930 2109 1089 2142 Miserere

979 2160 1110 2190 nostrae
1136 2157 1293 2199 miseriae,

932 2206 1101 2248 Miserere,

979 2255 1053 2295 quia
1078 2262 1291 2296 peccavimuS,

931 2304 1014 2344 Quia
1036 2304 1157 2335 malum

980 2361 1085 2385 coram
1113 2354 1145 2383 te
1171 2349 1315 2385 fecimus.
