1655 2726
541 579 569 611 4.
598 578 766 614 Rosarium
785 579 818 610 D.
840 579 872 611 N.
892 579 964 611 Iesu
985 577 1101 611 Christi

487 642 633 674 Auctore
665 640 783 674 Iacobo
816 640 965 673 Merlone
997 639 1141 674 Horstio.

675 728 968 762 Introductio.

521 796 552 829 1.
575 795 704 828 Summe
728 798 831 839 pater,
858 804 877 827 o
902 799 1038 835 creator,

574 844 660 886 Iesu,
685 843 824 876 clemens
850 852 868 877 0
894 844 1048 886 salvator,

576 891 717 933 Spiritus
742 901 761 924 o
788 894 1004 931 conservator,

623 939 713 973 Deus
738 948 852 981 regens
878 939 994 980 omnia,

575 988 700 1021 Mundo
730 996 848 1028 precor
873 987 971 1020 corde
994 991 1135 1028 praesta,

577 1035 699 1069 Nostra
723 1044 783 1075 pro
809 1036 914 1067 salute
938 1039 1029 1076 gesta

622 1083 777 1117 Recolam
801 1084 964 1124 mysteria.

168 1163 200 1194 2.
228 1161 311 1202 Iesu,
337 1162 474 1193 matrem
500 1160 636 1201 elegisti,
863 1161 895 1193 3.

227 1208 272 1243 Et
297 1212 480 1249 serpentem
508 1208 689 1242 contrivisti

277 1257 432 1291 Germine
455 1257 612 1299 virgineo,

228 1305 347 1341 Matris
372 1309 447 1339 tuae
472 1315 523 1338 me
550 1306 699 1339 clientem

227 1355 280 1388 Ac
302 1357 448 1387 materno
469 1354 682 1387 confidentem

275 1402 365 1436 Fove
390 1402 582 1444 patrocinio.

802 1489 831 1526 Ι.

923 1161 1008 1202 Iesu,
1035 1164 1145 1192 coetus
1172 1163 1204 1192 te
1228 1163 1412 1203 sanctorum

921 1208 1028 1241 Iuncti
1054 1208 1159 1241 choris
1182 1208 1369 1249 angelorum

970 1256 1089 1289 Mundi
1111 1255 1249 1289 laudant
1271 1257 1423 1298 iudicem,

921 1304 982 1338 His
1001 1314 1072 1338 cum
1089 1305 1203 1338 laudes
1218 1314 1269 1337 me
1281 1308 1481 1344 promentem

923 1354 987 1387 Sed
1014 1352 1054 1386 ob
1080 1362 1181 1386 noxas
1206 1356 1399 1386 metuentem

970 1402 1118 1435 Clemens
1143 1401 1220 1435 audi
1245 1400 1437 1443 supplicem.

575 1558 660 1600 Iesu,
688 1558 839 1591 thronum
862 1558 1040 1590 maiestatis

578 1606 712 1640 Sumens
733 1606 870 1640 formam
895 1606 1031 1639 vilitatis

624 1654 738 1688 Nostri
764 1664 862 1688 causa
887 1655 1020 1697 deseris,

577 1704 603 1737 Ο
629 1702 692 1745 fao,
718 1704 811 1737 nobis
838 1703 881 1737 ad
907 1704 1043 1736 salutem

578 1752 701 1785 Tantus
726 1762 816 1786 amor
842 1753 898 1785 det
920 1752 1072 1785 virtutem

625 1800 671 1835 Et
694 1810 752 1834 nos
776 1802 889 1842 iungat
912 1800 1049 1843 superis.

174 1877 205 1911 1.
232 1876 318 1919 Iesu,
343 1877 433 1920 virgo
458 1878 598 1912 salutata

234 1925 281 1959 Te
307 1926 455 1966 concepit
479 1925 655 1960 fecundata

282 1974 423 2016 Spiritus
448 1984 508 2016 per
530 1977 684 2018 gratiam;

234 2023 260 2057 Ο
286 2022 348 2067 fac,
375 2024 479 2057 Deum
505 2027 538 2058 te
562 2026 774 2069 tremendum,

234 2071 332 2106 Casto
358 2082 486 2114 semper
511 2074 771 2115 amplectendum

283 2122 427 2165 Pectore,
454 2122 645 2164 concipiam.

172 2201 203 2233 2.
231 2200 317 2243 Iesu,
342 2203 447 2234 mater
471 2204 504 2233 te
529 2201 678 2243 gestabat
864 2203 898 2235 4.

232 2247 318 2282 Dum
343 2258 403 2289 per
425 2252 551 2283 montes
576 2249 755 2284 festinabat

279 2297 425 2333 Visitans
446 2298 636 2341 Elisabetb3

232 2347 258 2381 O
285 2346 313 2379 si
337 2350 441 2380 mater
464 2347 528 2381 Dei
555 2348 653 2390 digna

231 2396 348 2430 Iuncta
370 2397 463 2437 prole
487 2399 554 2430 tam
580 2396 717 2438 benigna

279 2445 337 2478 Me
359 2443 546 2487 frequenter
571 2443 692 2481 visitet.

864 1881 898 1914 3.
911 1879 997 1920 Iesu,
1021 1880 1126 1911 mater
1149 1880 1280 1919 praeter
1304 1886 1425 1910 morem

924 1926 1023 1969 Virgo
1048 1926 1137 1967 parit
1161 1929 1203 1967 te,
1232 1926 1375 1959 dolorem

972 1975 1129 2009 Nesoiens
1153 1983 1335 2019 puerpera,

924 2025 1079 2067 Caritate,
1105 2023 1168 2067 fac,
1194 2023 1342 2066 perfecta

923 2074 1057 2115 Flagret
1081 2073 1115 2106 in
1140 2076 1173 2105 te
1197 2082 1287 2105 mens
1310 2072 1435 2115 affecta,

971 2123 1073 2163 Quam
1097 2130 1162 2155 non
1187 2120 1339 2163 frangant
1356 2130 1484 2162 aspera..

925 2202 1009 2240 Iesu,
1035 2200 1083 2232 tui
1107 2203 1215 2233 terrae
1240 2198 1331 2243 fines,

926 2249 989 2282 Sed
1017 2248 1081 2292 viX,
1109 2252 1208 2291 caput
1232 2257 1294 2290 quo
1319 2247 1467 2292 reclines,

971 2297 1097 2331 Mundo
1122 2306 1258 2330 nascens
1281 2296 1425 2342 invenis3

925 2347 971 2381 Ut
997 2345 1074 2388 quid
1100 2347 1209 2387 ampla
1232 2346 1383 2380 meditari

927 2396 987 2429 Vel
1014 2396 1150 2428 terrenis
1176 2395 1310 2438 gloriari

973 2445 1068 2477 Mens
1093 2445 1272 2486 praesumit
1294 2444 1443 2479 hominis.
