1655 2726
680 117 940 155 —143d

144 214 226 248 237.
241 214 411 248 Saeculum
436 224 564 258 semper
590 217 735 259 sperabit

240 264 278 296 In
305 267 359 297 tuo
385 266 576 306 patrocinio,

240 313 286 345 Et
311 321 366 345 cor
392 316 537 346 nostrum
564 314 739 347 exsultabit

243 361 333 394 Tuae
358 362 464 395 laudis
492 362 656 404 obsequio.

840 219 919 252 238.
934 218 1096 259 Obsequio
1121 226 1207 251 nunc
1231 216 1351 250 astanti

935 267 1003 299 Tuo
1028 269 1164 299 mentem
1194 266 1235 298 da
1260 265 1421 306 pudicam,

938 315 983 348 Ut
1009 315 1164 347 datricem
1192 314 1259 346 dati
1283 313 1365 346 tanti

934 363 981 395 Te
1006 363 1144 396 Mariam
1169 362 1369 395 benedicam.

721 450 895 485 XXXIII.

146 517 227 551 239.
243 516 439 549 Benedicam
465 519 507 561 te,
537 517 675 560 domina,

245 564 341 597 Cuius
366 574 481 598 nomen
509 567 684 607 extollitur,

242 613 403 646 Memoria
427 614 518 646 cuius
543 614 598 655 pia

245 661 358 694 Carnis
383 662 457 703 igne
481 662 706 703 exstinguitur.

149 731 229 763 240.
245 729 474 772 Exstinguitur
498 729 627 764 flamma
651 731 767 763 mentis

244 778 384 811 Nomine
408 781 463 811 tuo
488 780 668 819 praeclaro,

243 826 360 867 Maria,
387 836 462 866 spes
486 827 650 867 patientis,

246 874 342 907 Cuius
368 874 572 907 sanctissima
598 884 683 909 caro.

148 943 230 977 241.
245 943 329 975 Caro
354 943 383 974 si
408 951 502 982 quem
526 943 735 983 percusserit,

241 990 397 1022 Laetetur
421 990 502 1023 haec
527 991 697 1035 audiendo,

244 1038 313 1071 Sibi
340 1039 443 1070 virtus
468 1048 532 1070 non
561 1039 665 1071 deerit

242 1086 368 1119 Nomen
393 1089 483 1118 tuum
510 1088 740 1126 depromendo.

144 1154 225 1188 242.
243 1154 424 1187 Promendo
449 1152 520 1187 Ave
543 1154 663 1187 Maria

242 1202 335 1235 Niles
361 1202 536 1235 monachus
563 1202 693 1235 effectus

240 1251 294 1284 Ad
320 1250 495 1284 Dominum
517 1251 585 1284 fide
609 1251 664 1292 pia

243 1299 324 1333 Suos
351 1299 477 1340 erigens
502 1299 646 1334 affectus.

148 1368 229 1402 243.
244 1367 389 1400 Affectus
416 1366 479 1400 fuit
502 1367 591 1400 illico

242 1416 351 1449 Tanta
375 1415 427 1448 vir
452 1416 631 1460 devotione,

244 1464 336 1504 Quod
362 1465 502 1497 transitu
526 1464 661 1497 mirifico

245 1512 371 1545 Claruit
393 1521 431 1544 ac
456 1513 589 1547 visione.

146 1582 226 1615 244.
242 1581 376 1613 Visione
400 1580 543 1613 mirabili

240 1629 319 1661 Lilii
345 1629 487 1661 tumbam
512 1629 700 1670 scindentis,

242 1678 272 1710 A
300 1686 396 1710 carne
422 1678 601 1710 venerabili

241 1726 370 1759 Prodiit
393 1727 489 1759 radix
513 1725 671 1759 florentis,

841 520 919 552 245.
936 518 1100 551 Florentis
1126 526 1250 559 quoque
1275 515 1353 549 folia

935 565 1124 607 Florebant,
1152 567 1231 608 Ave,
1260 564 1378 606 Maria,

934 614 1083 647 Nominis
1107 614 1156 646 tui
1180 613 1284 654 gloria

935 662 1026 696 Haec
1048 663 1200 704 patravit,
1229 661 1320 703 virgo
1345 660 1410 700 pia.

841 732 920 764 246.
936 730 997 764 Pia
1020 729 1167 770 profecto
1193 728 1277 761 facie

935 778 1171 819 contemplaris
1197 781 1229 810 te
1252 779 1405 810 vocantes

935 826 998 860 Die
1022 835 1171 866 premens
1197 826 1363 866 angustiae

937 874 1053 907 Servos
1078 878 1149 907 tuos
1173 874 1421 915 proclamantes.

840 944 921 977 247.
937 942 1135 975 Clementem
1162 951 1236 982 ergo
1261 949 1449 982 pauperem,

934 990 1051 1030 Maria,
1077 999 1152 1023 mox
1179 990 1332 1022 exaudias

937 1038 1101 1079 Opemque
1128 1038 1234 1071 dando
1261 1038 1397 1070 celerem

935 1086 1139 1120 Tribulatum
1165 1086 1295 1126 eripias=

840 1155 920 1188 248.
934 1154 1067 1195 Eripias
1092 1157 1124 1187 et
1148 1154 1307 1187 abiectum

934 1203 966 1236 A
990 1203 1108 1244 linguis
1136 1203 1242 1235 dolum
1268 1201 1413 1236 fantibus

937 1252 1024 1284 Ante
1047 1249 1107 1283 filii
1133 1254 1341 1291 conspectum

940 1299 1000 1332 Pro
1028 1308 1079 1331 me
1104 1302 1193 1332 stans
1219 1301 1282 1331 tuis
1308 1299 1469 1339 precibus.

841 1369 920 1402 249.
937 1367 1091 1400 Precibus
1119 1367 1267 1408 equidem
1291 1368 1356 1399 tuis

937 1415 1067 1449 Suffulti
1092 1416 1225 1449 vincunt
1247 1415 1339 1457 vitia,

937 1464 1150 1498 Interioribus
1174 1464 1240 1496 suis

938 1512 1100 1546 Virtutum
1125 1513 1210 1545 inest
1234 1512 1348 1554 gloria.

840 1581 922 1615 250.
940 1579 1054 1613 Gloria
1079 1579 1149 1622 tibi,
1178 1580 1316 1620 domina,

938 1629 1025 1668 Quae
1050 1638 1110 1669 per
1134 1629 1198 1661 iter
1221 1628 1393 1670 impiorum

938 1677 1071 1719 Spargis
1097 1678 1221 1719 gratiae
1246 1677 1378 1717 semina,

937 1726 985 1760 Ut
1009 1729 1145 1758 noscant
1170 1725 1240 1758 vias
1263 1726 1431 1758 iustorum.

721 1803 892 1838 XXXIV.

144 1872 361 1916 251.Iudica,
388 1881 476 1905 meos
502 1873 658 1913 vinculoS,

242 1921 360 1964 Maria,
386 1921 452 1954 vim
477 1921 636 1961 amittere,

242 1971 296 2003 Ne
320 1979 395 2003 suos
419 1970 454 2002 in
479 1979 530 2002 me
552 1970 685 2002 baculos

241 2019 339 2052 Ultra
364 2019 490 2059 possint
515 2027 689 2060 apponere.

147 2090 229 2122 252.
242 2087 420 2128 Apponere
444 2087 573 2120 laudem
598 2087 688 2120 laudi

243 2137 343 2178 Tuae,
368 2137 471 2179 virgo,
500 2145 598 2168 conor
622 2136 711 2181 satis,

240 2185 285 2219 Et
309 2189 355 2227 tu,
382 2188 495 2226 mater,
523 2185 607 2218 hanc
631 2184 749 2218 exaudi

242 2233 316 2267 Tibi
342 2234 441 2267 latam
467 2243 527 2275 pro
552 2233 707 2275 peccatis.

143 2304 227 2337 253.
242 2302 306 2336 Pro
331 2303 474 2343 peccatis
500 2306 533 2335 te
558 2302 684 2344 rogavit

240 2351 368 2384 Nobilis
394 2351 517 2385 Romae
541 2355 699 2392 matrona,

240 2400 341 2440 Quam
366 2410 386 2433 a
410 2405 514 2434 morte
539 2400 693 2434 liberavit

240 2449 350 2484 Tuitio
374 2453 430 2483 tua
455 2450 549 2486 bona.

840 1873 921 1906 254.
939 1872 1028 1905 Bona
1055 1871 1180 1912 pridem
1208 1871 1288 1904 haec
1314 1870 1433 1904 femina

936 1920 1047 1953 Hostis
1070 1919 1329 1962 suggessionibus

936 1970 1009 2003 Duo
1033 1970 1194 2002 commisit
1218 1969 1365 2010 crimina,

937 2018 1082 2051 Horrida
1108 2018 1231 2051 cunctis
1257 2017 1399 2050 auribus.

841 2089 920 2121 255.
938 2086 1083 2120 Horrida
1107 2086 1221 2127 procul
1248 2085 1344 2118 dubio

935 2136 982 2169 Et
1005 2136 1141 2169 horrida
1165 2135 1291 2174 relatio,

939 2185 1030 2225 Quod
1059 2187 1247 2224 conceptum
1276 2183 1316 2215 de
1340 2182 1407 2215 filio

937 2234 1002 2266 Det
1026 2237 1131 2265 mater
1155 2231 1339 2265 homicidio.

842 2303 921 2336 256.
936 2300 1121 2335 Homicidio
1148 2301 1227 2333 dans
1253 2302 1373 2341 natum,

938 2351 1037 2391 Quem
1064 2350 1104 2382 de
1128 2348 1196 2382 filio
1223 2350 1380 2392 concepit,

938 2398 1084 2432 Latomis
1109 2399 1249 2431 condens
1276 2402 1432 2443 necatum,

936 2447 1108 2491 Mundum,
1134 2457 1198 2480 non
1214 2447 1321 2481 Deum
1336 2445 1475 2488 decepit.
