1655 2726
700 118 958 154 —175—

154 212 291 245 833.1n
318 214 439 255 templo
464 218 497 247 te
523 225 585 248 vox
612 216 745 248 caelitus

253 260 330 294 Viro
359 262 499 295 dandam
523 263 675 305 insonuit,

253 309 353 343 Cuius
379 311 471 352 virga
496 311 650 345 divinitus

250 357 411 400 Floreret,
440 369 522 401 quae
547 363 579 392 et
602 360 722 395 floruit.

155 434 238 468 834.
253 435 383 469 Floruit
405 440 523 478 tecum,
549 438 667 481 Maria,

252 485 286 517 Is
311 485 429 525 Ioseph
456 495 603 518 crescens
629 488 744 531 gratia,

252 532 449 566 Deserviens
475 534 540 567 fide
562 535 618 577 pia

254 581 328 614 Tibi
357 590 427 614 cum
454 582 620 623 pudicitia.

158 658 241 691 835.
255 658 420 691 Pudicitia
444 659 557 692 humili

256 706 410 748 Virgines
435 712 529 749 aptas
554 709 713 751 exemplo,

252 754 397 788 Laudem
424 765 552 797 semper
579 757 661 789 dans
686 757 778 789 iubili

253 802 392 836 Domino
421 804 528 837 cordis
553 805 587 837 in
614 805 744 845 templo.

157 881 292 914 836.1n
319 881 440 921 templo
467 882 611 923 corporis
638 882 685 914 tui

253 928 392 961 Verbum
417 929 480 961 Dei
507 930 692 972 concepisti,

250 976 316 1008 Sed
341 978 446 1009 sancti
471 977 606 1018 spiritus
631 979 680 1010 sui

254 1025 356 1057 Plena
380 1025 471 1064 prius
494 1025 645 1058 micuisti.

855 218 936 252 837.
953 217 1098 250 Micuisti
1123 217 1241 249 mundo
1267 215 1324 247 toti

952 265 1037 307 Vita,
1065 264 1152 298 fama
1177 268 1207 296 et
1234 262 1391 306 doctrina,

953 313 1080 346 Effecta
1106 313 1193 346 orbis
1219 311 1342 353 aegroti

950 362 1043 395 Salus
1069 365 1165 403 atque
1190 361 1360 394 medicina.

855 440 937 474 838.
950 439 1118 472 Medicina
1140 439 1309 480 spiritalis,

950 489 1019 528 Qua
1043 491 1198 520 curantur
1222 486 1354 528 flagitia,

949 536 1020 569 Illis
1046 536 1148 567 solum
1177 536 1272 567 datur
1296 534 1398 577 malis,

951 584 1072 624 Quibus
1098 587 1132 616 tu
1158 592 1191 616 es
1214 583 1366 625 propitia.

855 662 936 696 839.
951 661 1133 702 Propitiare
1158 660 1256 701 igitur

950 710 1034 741 Meis
1058 708 1300 741 infirmitatibus

950 759 1052 790 Prece
1077 757 1204 798 Ioseph,
1231 758 1284 797 qui
1311 756 1429 789 fruitur

952 807 1019 839 lam
1046 808 1149 837 tecum
1178 805 1257 837 caeli
1283 805 1452 839 fructibus,

856 884 935 917 840.
953 881 1126 915 Fructibus
1152 882 1243 915 fruar
1268 882 1397 915 mellitis

952 930 1150 964 Gaudiorum
1176 930 1207 963 in
1235 930 1352 973 patria,

947 980 1064 1017 Maria,
1090 978 1209 1020 Ioseph
1233 979 1367 1017 meritis,

950 1027 1081 1060 Gloriae
1106 1028 1180 1060 Iesu
1203 1027 1316 1067 gloria.

504 1102 584 1135 841.
600 1102 714 1136 Gloria
740 1102 812 1145 tibi,
837 1103 956 1144 Maria,

599 1151 742 1184 Materia
767 1161 902 1192 magnae
926 1152 1043 1193 laudis,

600 1200 688 1240 Quae
714 1200 854 1232 libenter
879 1209 957 1232 aure
983 1201 1038 1241 pia

599 1248 653 1281 Ad
678 1250 712 1280 te
737 1249 914 1281 clamantes
940 1249 1087 1281 exaudis,

729 1337 914 1370 LXXXIV.

157 1402 467 1441 842.Benedixisti,
496 1402 635 1446 domina,

251 1451 322 1483 Tua
349 1450 582 1491 benedictione,

252 1499 344 1539 Quod
370 1499 467 1531 laesit
490 1500 596 1540 prima
621 1499 741 1533 femina

253 1549 319 1582 Sua
344 1548 582 1581 maledictione.

156 1627 238 1662 843,
253 1625 486 1659 Maledictione
511 1624 622 1668 fugata

255 1675 318 1707 Per
342 1678 430 1707 tuam
456 1675 707 1709 sanctitudinem

255 1724 382 1765 Operis,
408 1724 500 1765 virgo
526 1728 664 1765 sacrata,

252 1772 375 1805 Reatus
401 1773 646 1813 turpitudinem

156 1852 237 1885 844.
253 1850 503 1892 Turpitudinem
528 1851 654 1891 peccati

253 1900 397 1940 Omnem,
423 1903 538 1940 mater,
564 1901 732 1941 ignorasti,

251 1948 298 1981 Et
322 1952 429 1981 tamen
456 1949 553 1981 ritum
578 1948 722 1981 mandati

252 1996 361 2039 Legis,
387 1997 505 2038 Maria,
534 1998 683 2032 servasti.

154 2077 237 2110 845.
252 2075 409 2116 Servasti,
434 2075 553 2116 Maria,
579 2076 695 2118 legem,

253 2124 323 2156 Lex
348 2123 594 2166 purificationis,

252 2173 495 2206 Praesentando
521 2173 628 2205 Iesum
655 2182 762 2215 regem

252 2222 348 2256 Ulnis
380 2223 501 2263 templo
527 2221 695 2257 Simeonis.

154 2302 234 2335 846.
251 2299 409 2333 Simeonis
435 2300 521 2333 hunc
546 2303 694 2333 senectus

249 2348 456 2382 Venerabilis
482 2350 635 2392 suscepit,

251 2397 310 2437 Qui
330 2398 447 2439 gaudio
473 2401 551 2431 tunc
576 2398 718 2431 refectus

248 2446 402 2480 Laudare
423 2446 595 2480 Dominum
624 2447 740 2489 coepit.

856 1405 936 1438 847.
951 1405 1066 1445 Coepit
1091 1412 1216 1446 quoque
1240 1404 1436 1445 prophetare

951 1453 1001 1485 De
1026 1457 1059 1485 te
1084 1455 1117 1484 et
1141 1456 1195 1485 tuo
1221 1451 1299 1493 filio,

948 1501 1099 1534 Animam
1124 1505 1210 1534 tuam
1236 1509 1345 1533 amare

950 1550 1028 1582 Filii
1055 1550 1147 1583 caedi
1172 1550 1291 1591 gladio.

856 1629 936 1663 848.
952 1627 1070 1660 Gladio
1095 1628 1184 1668 passi
1209 1626 1268 1659 filii

951 1675 1057 1709 Corde
1083 1685 1175 1709 caesa
1199 1676 1292 1708 iuxta
1318 1684 1454 1719 crucem,

950 1725 1095 1758 Palmam
1121 1725 1236 1757 summi
1260 1724 1410 1765 martyrii

949 1774 1053 1806 Tenes
1077 1776 1107 1805 et
1133 1773 1212 1807 fidei
1235 1773 1351 1808 lucem.

854 1853 933 1886 849.
949 1851 1069 1884 Lucem
1094 1855 1315 1896 praesentans,
1343 1851 1462 1893 Maria,

947 1901 1054 1933 Iesum
1079 1900 1160 1932 lucis
1186 1900 1352 1942 originem,

949 1949 980 1981 A
1005 1949 1138 1981 mentali
1161 1952 1252 1989 terge
1277 1949 1330 1982 via

951 1997 1119 2031 Carnalem
1145 1998 1390 2039 turpitudinem.

854 2078 934 2111 850.
951 2076 1201 2117 Turpitudinem
1226 2075 1393 2108 horridam

949 2125 1150 2157 Daemonum
1174 2126 1210 2157 ut
1234 2134 1298 2157 non
1322 2124 1462 2168 timeam,

948 2173 996 2206 Te
1022 2175 1181 2213 decoram,
1208 2175 1242 2204 te
1266 2172 1408 2205 lucidam

949 2222 1018 2255 Fac
1042 2225 1146 2255 morte
1171 2230 1295 2255 mecum
1320 2221 1467 2257 habeam.

854 2301 934 2335 851.
954 2301 1098 2342 Eamque
1123 2302 1309 2333 societatem

948 2349 1139 2382 Sanctorum
1170 2353 1266 2390 atque
1292 2354 1487 2391 sanctarum,

951 2398 1089 2438 Quorum
1118 2399 1187 2432 colo
1215 2399 1404 2440 dignitatem

945 2447 1085 2489 Indigne
1108 2448 1185 2480 licet
1211 2451 1242 2480 et
1266 2458 1393 2490 parum.
