1655 2726
660 109 923 145 —243—

139 201 196 234 19.
224 203 306 247 Ave,
333 203 437 246 virgo,

270 260 349 293 roga
374 260 434 292 pro
460 261 604 293 paupere

224 299 399 342 Christum,
427 301 481 341 qui
507 309 565 333 nos

269 348 360 380 venit
384 348 555 390 redimere,

221 397 286 428 Pro
312 405 363 428 me
387 396 482 438 placa

271 444 417 477 datorem
441 454 621 488 munerum,

220 493 267 527 Ut
293 493 443 534 dignetur

269 540 367 573 beare
392 541 554 586 miserum,

316 589 415 631 Virgo
439 589 590 631 benigna.

130 724 186 758 21.
217 726 294 762 Ave,
324 724 413 756 cuius

262 771 296 804 in
322 772 424 804 vellus
448 771 599 805 floridum

214 819 280 853 Ros
305 820 474 853 deseendit

261 877 322 901 nec
350 867 429 900 fecit
453 869 630 910 madidum,

215 915 325 949 Velius
351 917 419 949 ovis

260 973 325 997 non
350 964 446 997 laesit
468 966 584 1005 tonsio,

213 1012 351 1045 Carnem
379 1016 464 1045 tuam

260 1061 351 1093 nulla
376 1061 552 1103 corruptio,

305 1108 403 1149 Virgo
430 1109 559 1149 pudica.

124 1167 181 1201 22.
208 1167 290 1207 Ave,
318 1166 406 1199 cuius

257 1214 398 1247 tenendo
424 1214 590 1248 dexteram

208 1263 279 1296 Rex
302 1263 426 1295 levavit

257 1313 291 1344 in
316 1311 428 1344 sedem
451 1320 612 1356 superam,

210 1360 257 1393 Te
284 1360 420 1393 deduxit

252 1409 288 1441 in
312 1418 432 1449 pompa
456 1409 577 1452 gaudii,

205 1457 253 1489 Te
278 1457 421 1497 suscepit

252 1505 287 1538 in
313 1508 406 1545 parte
432 1506 514 1546 solii,

301 1554 400 1594 Regis
426 1555 539 1587 amica.

121 1614 176 1647 23.
203 1613 286 1654 Ave,
313 1612 391 1645 solis

257 1670 375 1694 aurora
399 1662 521 1703 nuntia,

207 1709 286 1742 Veri
309 1709 406 1742 stella

255 1757 390 1799 fulgoris
415 1758 559 1801 praevia,

204 1807 383 1840 Exclusisti

253 1858 380 1889 noctem
405 1854 578 1897 nequitiae,

205 1903 392 1939 Produxisti

255 1952 356 1986 solem
381 1951 534 1995 iustitiae,

301 2002 403 2035 Ianua
428 2000 516 2035 solis.

203 2056 287 2095 Ave,
314 2063 374 2095 per
399 2063 493 2095 quam

255 2104 403 2137 Christus
428 2112 486 2135 nos
512 2103 683 2144 adprobat,

202 2153 281 2188 Cum
306 2152 448 2185 Iudaeos

252 2201 415 2242 repellens
442 2199 605 2241 reprobat,

202 2250 357 2284 Nostrum
382 2249 477 2282 nobis

249 2298 360 2332 emolli
383 2298 535 2339 iudicem,

202 2347 253 2383 Ne
278 2346 397 2380 furoris

249 2396 394 2430 effundat
417 2396 560 2439 calicem,

294 2445 381 2480 Filia
405 2444 518 2486 prolis.

751 667 812 700 ΠΙ.

833 207 890 240 20.
917 208 998 249 Ave,
1024 216 1083 247 per
1108 216 1205 248 quam

965 255 1112 288 extendit
1136 255 1300 289 brachium

915 303 1026 346 Pater,
1051 303 1094 337 ad
1119 313 1177 336 nos

965 360 1035 384 cum
1061 351 1150 383 misit
1174 350 1286 395 filium,

916 399 1004 432 Illud
1028 400 1153 432 hostem

964 447 1117 481 contrivit
1141 447 1271 480 fortiter

913 494 958 528 Et
982 504 1041 528 nos
1067 494 1129 528 sibi

962 544 1157 576 constrinxit
1181 542 1307 585 leniter,

1008 590 1145 624 Femina
1170 591 1276 632 digna.

821 726 878 758 25.
904 725 986 764 Ave,
1013 728 1142 758 nostrae

952 773 1055 806 tutela
1079 774 1205 814 patriae

904 821 1010 854 Locus
1033 821 1134 861 pacis,

955 870 1065 909 palma
1091 869 1256 910 victoriae,

907 918 971 950 Per
996 920 1029 950 te
1055 917 1144 950 Deus

953 965 1076 997 cunctis
1101 968 1151 997 est
1175 966 1313 1008 agnitus,

906 1012 990 1045 Solis
1015 1017 1110 1045 notus

951 1061 1082 1094 Iudaeis
1107 1061 1267 1104 primitus,

1000 1108 1129 1142 Lucida
1153 1110 1261 1142 stella.

821 1168 877 1202 26.
904 1168 986 1206 Ave,
1013 1170 1129 1209 mater,

952 1223 1035 1254 quae
1059 1215 1148 1255 paris
1174 1213 1284 1258 filium,

904 1263 975 1295 Nee
999 1266 1138 1304 apparet

950 1315 1065 1352 partus
1091 1311 1271 1352 vestigium,

902 1359 1004 1392 Nulla
1028 1359 1082 1392 via

952 1411 1045 1449 patet
1068 1408 1102 1441 in
1127 1415 1280 1449 aequore,

906 1456 1007 1489 Nulla
1030 1459 1085 1489 tuo

947 1504 1038 1537 labes
1064 1505 1097 1537 in
1124 1513 1271 1546 corpore,

996 1554 1084 1586 Pura
1109 1553 1228 1593 puella.

817 1612 874 1646 27.
902 1612 984 1651 Ave,
1011 1619 1071 1651 per
1094 1620 1188 1652 quam

948 1659 1051 1700 patris
1078 1659 1249 1692 clementia

901 1707 992 1741 Misit
1016 1707 1136 1741 mundo

949 1757 1030 1789 caeli
1058 1756 1190 1798 cibaria,

899 1806 965 1838 Per
990 1807 1023 1836 te
1046 1805 1132 1846 pluit

948 1862 1062 1895 panem
1088 1853 1280 1896 angelicum,

899 1902 1020 1934 Lenem
1045 1905 1150 1944 gustu,

947 1949 1056 1984 fructu
1080 1950 1262 1994 mirificum,

995 1999 1095 2032 Sacra
1120 2008 1294 2034 sacrarum.

814 2054 870 2087 28.
896 2053 977 2091 Ave,
1007 2053 1096 2086 cuius

944 2111 1004 2142 pro
1029 2105 1127 2143 partu
1151 2102 1240 2143 regio

896 2150 978 2183 Sunt
1002 2149 1115 2183 fideles

946 2199 1013 2232 dati
1039 2199 1205 2242 martyrio,

896 2247 1065 2288 Templum
1091 2247 1155 2280 Dei

942 2305 1003 2337 pro
1028 2296 1091 2329 Dei
1115 2295 1244 2329 nomine

894 2344 1113 2386 Purpuratum

942 2397 1126 2427 sanctorum
1152 2395 1318 2437 sanguine,

991 2443 1072 2483 Spes
1098 2442 1287 2479 animarum.

1197 2494 1256 2525 16*
