1655 2726
141 535 197 570 10.

143 1135 197 1168 11.

147 1749 201 1781 12.

145 2367 202 2401 13.

669 128 931 165 —113—

213 223 263 256 Tu
289 232 415 265 quoque
440 224 554 265 culpae
579 225 691 258 localis

214 272 340 306 Nouam
364 272 483 306 tollens
506 274 652 307 lateralis

260 323 374 363 Aquae
401 321 499 354 ductu
523 322 712 363 gravissimo

213 370 277 403 Pro
302 370 396 403 nobis
422 368 528 403 factus
552 371 699 403 mortalis

211 417 337 451 Lavisti
362 427 420 451 nos
445 418 565 451 nostris
590 419 684 451 malis

258 467 444 500 Restituens
470 467 639 501 altissimo.

211 534 352 574 Exaudi,
380 535 478 574 Deus,
505 534 657 567 miserum

210 583 266 616 Ad
291 586 324 615 te
349 592 478 623 semper
506 586 537 616 et
561 584 678 616 iterum

259 632 290 664 A
317 631 401 664 facie
425 630 609 665 formidinis

213 679 415 721 Gurrentem,
440 687 479 712 ut
500 681 535 713 in
562 682 724 720 posterum

215 729 335 762 Contra
360 729 485 763 hostem
510 727 699 769 pestiferum

262 776 313 809 Sis
341 777 439 810 turris
466 775 686 818 fortitudinis3

213 825 293 857 Ideo
319 829 451 858 sanctae
477 825 620 867 virginis,

215 874 262 907 Ut
283 873 438 907 scribitur
461 875 496 906 in
520 874 656 914 paginis,

262 921 311 954 Tu
338 921 463 964 elegisti
488 924 615 954 uterum

212 971 389 1003 Assumens
416 979 533 1011 corpus
558 970 696 1003 hominis

214 1019 353 1058 Propter
377 1028 471 1051 usum
496 1019 665 1051 velaminis

261 1066 399 1099 Factum
415 1067 449 1098 in
466 1067 571 1101 forma
583 1075 773 1107 pauperum.

213 1134 329 1168 Nonne
354 1135 423 1167 Deo
449 1134 604 1167 subiciam

212 1184 363 1216 Animam
389 1192 494 1216 meam
518 1183 644 1216 deviam

259 1231 306 1265 Et
330 1235 501 1274 vagantem
527 1240 587 1272 per
613 1231 733 1265 devia‘s

215 1281 310 1324 Vere,
337 1281 366 1313 si
391 1281 471 1313 haec
496 1289 559 1313 non
584 1279 713 1320 faciam,

211 1328 316 1362 Miser
340 1330 489 1362 miserior
512 1328 587 1361 fiam

262 1378 356 1411 Omni
383 1379 498 1418 dignus
524 1377 672 1420 miseria3

216 1426 294 1466 Ipse
316 1427 384 1459 eius
410 1429 460 1459 est
484 1426 588 1466 gloria

212 1474 258 1508 Et
283 1475 371 1516 origo
399 1474 554 1516 primaria

263 1524 353 1556 Dans
379 1524 408 1555 ei
436 1523 684 1564 dependentiam

218 1573 249 1603 A
275 1572 470 1613 providente
494 1572 599 1612 gratia

217 1620 325 1653 Dante
351 1621 381 1652 ei
405 1620 449 1653 ad
474 1621 580 1653 omnia

267 1669 397 1703 Claram
422 1668 686 1711 intellegentiam.

218 1747 317 1788 Deus,
342 1747 440 1787 Deus,
469 1748 605 1789 vigilare

217 1797 270 1830 Ad
295 1800 328 1829 te
352 1805 481 1838 semper
505 1800 538 1828 et
561 1805 699 1837 pensare

263 1846 376 1879 Debeo
401 1848 471 1879 tota
495 1846 624 1885 virtute,

215 1895 254 1928 In
279 1895 459 1928 velamento
485 1903 620 1935 sperare

216 1944 351 1977 Alarum
377 1947 410 1976 et
435 1943 608 1983 exsultare,

267 1993 315 2028 Ut
338 2001 478 2034 pausare
502 2001 614 2033 queam
641 1995 729 2033 tute3

215 2042 289 2076 Hoc
311 2042 346 2074 in
370 2050 444 2075 mea
467 2042 634 2074 iuventute

217 2090 320 2125 Simul
346 2092 379 2123 et
402 2091 436 2123 in
462 2093 628 2123 senectute

266 2140 322 2173 Sic
346 2143 460 2173 teneor
484 2138 669 2179 observare,

218 2189 264 2224 Ut
288 2189 411 2222 alarum
438 2186 531 2221 fusae
555 2191 667 2231 guttae

218 2238 282 2271 Pro
307 2247 360 2270 me
384 2240 419 2269 et
442 2237 557 2270 mundi
579 2238 685 2270 salute

267 2287 393 2327 Cogant
417 2295 469 2319 me
494 2289 527 2318 te
552 2286 702 2319 adorare.

217 2364 359 2405 Exaudi,
385 2365 486 2405 Deus,
512 2364 661 2397 conditor

216 2414 407 2449 Animarum
436 2416 468 2446 et
492 2414 634 2453 institor,

265 2464 322 2498 Me
347 2463 505 2496 traditum
531 2461 687 2503 periculo,

199 2525 221 2549 D
228 2531 259 2548 re
266 2531 281 2547 v
287 2531 300 2548 e
307 2530 319 2546 s
327 2542 333 2552 .
350 2523 476 2548 Psaltoria
491 2522 650 2554 Rhythmica.
682 2522 717 2546 11.

834 691 889 724 14.

841 1923 895 1958 16.

903 227 1085 260 Exacuavit
1109 226 1258 268 proditor

902 275 997 308 Meus
1022 275 1164 315 linguam
1191 277 1223 307 et
1247 274 1397 307 venditor

951 323 1020 356 Mei
1046 323 1107 356 fuit
1132 324 1165 355 in
1191 322 1321 364 populo,

903 372 1041 404 Trabem
1065 371 1186 404 habens
1207 371 1242 404 in
1267 371 1359 405 oculo

904 420 954 452 De
979 419 1105 452 festuca
1130 429 1163 452 111
1189 419 1305 460 angulo

951 468 1035 500 Mihi
1059 467 1122 500 fuit
1145 467 1326 508 impositor,

904 515 939 548 Si
965 516 1055 549 vides
1080 516 1142 548 hoc
1165 516 1198 548 in
1222 516 1342 556 patulo,

904 564 992 596 Deus
1017 573 1116 606 meuS,
1142 566 1175 595 te
1198 564 1336 604 postulo,

952 613 1015 645 Per
1040 612 1187 645 effectum
1211 613 1257 644 sis
1283 611 1438 654 cognitor.

905 690 953 723 Te
979 690 1071 722 decet
1096 689 1243 730 hymnus,
1270 688 1417 728 Domine,

905 738 983 771 Cum
1008 738 1115 771 cordis
1139 737 1364 776 modulamine,

954 788 1075 827 Virtus,
1103 786 1204 819 honor
1230 789 1262 818 et
1286 786 1406 827 gloria,

905 835 959 868 Sic
984 834 1091 867 fecisti
1117 844 1176 875 pro
1202 835 1338 873 homine,

905 884 996 924 Quod
1024 892 1098 916 caro
1124 892 1196 915 cum
1220 883 1397 922 spiramine

953 932 1112 973 Resurget
1136 932 1178 965 ad
1203 931 1367 971 stipendia

905 979 1077 1020 Perpetua,
1105 979 1275 1020 supplicia,

905 1029 1008 1061 Prout
1033 1026 1120 1067 fecit,
1147 1028 1198 1061 vel
1222 1028 1369 1070 praemia

953 1076 1144 1116 Adaequato
1170 1075 1341 1108 libramine

907 1124 977 1156 Nec
1003 1124 1066 1157 erit
1088 1124 1290 1166 paenitentia

906 1173 1057 1213 Amplius
1082 1172 1270 1214 purgatoria

955 1221 1182 1254 Consummato
1207 1219 1319 1253 mundi
1343 1219 1418 1254 fine.

884 1327 892 1334 .
906 1298 1047 1332 iubilate
1073 1300 1105 1331 et
1129 1298 1262 1339 psallite

906 1348 974 1380 Deo
1000 1350 1110 1380 nostro
1137 1350 1170 1379 et
1195 1346 1293 1379 dicite

955 1396 1119 1429 Psalmum
1142 1395 1245 1436 ipsius
1270 1394 1402 1433 nomini,

909 1445 1017 1486 Opera
1043 1445 1110 1476 eius
1136 1444 1260 1476 cernite

907 1493 953 1526 Et
976 1496 1014 1525 ut
1035 1493 1070 1524 in
1095 1492 1180 1525 libro
1205 1492 1314 1533 legite,

957 1541 1033 1580 Quis
1059 1541 1111 1580 sit,
1139 1544 1172 1573 et
1194 1539 1381 1578 intuemini,

909 1590 1081 1630 Nunquam
1106 1590 1260 1622 Abrahae
1284 1588 1398 1621 semini

908 1639 1099 1671 Revelatum
1126 1637 1176 1670 vel
1201 1637 1321 1670 homini

957 1687 1036 1720 Fuit
1060 1696 1080 1719 a
1103 1686 1216 1719 mundi
1240 1685 1352 1726 stipite

909 1737 1057 1770 Potestas
1081 1736 1164 1769 tanti
1188 1734 1328 1773 Domini,

915 1785 1011 1818 Cuius
1038 1784 1119 1816 nulli
1144 1787 1219 1816 sunt
1244 1782 1375 1816 termini

959 1832 1198 1873 Descriptionis
1225 1831 1365 1865 debitae.

911 1922 999 1955 Deus
1024 1920 1241 1953 miserationis

910 1971 957 2003 Et
977 1969 1233 2008 illuminationis,

959 2019 1007 2052 Te
1031 2018 1160 2060 postulo
1186 2016 1387 2058 suppliciter,

911 2068 1039 2101 Donum
1066 2066 1301 2100 benedictionis

911 2119 950 2151 In
977 2117 1062 2149 valle
1087 2115 1266 2157 ploratonis

962 2165 1056 2199 Dona
1079 2164 1159 2196 mihi
1183 2162 1375 2204 benigniter,

915 2215 958 2248 Ut
982 2214 1014 2246 in
1041 2216 1131 2245 terra
1155 2216 1245 2245 tuum
1269 2213 1333 2244 iter

913 2263 968 2296 Sic
994 2270 1180 2304 cognoscam
1209 2261 1369 2294 veraciter

962 2310 1206 2345 Perseverando
1230 2310 1265 2342 in
1289 2309 1394 2349 bonis,

915 2361 1007 2401 Quod
1033 2364 1067 2393 te
1092 2357 1277 2401 quaerendo
1302 2359 1421 2400 iugiter

915 2409 1104 2443 Perveniam
1131 2407 1273 2441 finaliter

963 2458 1016 2493 Ad
1043 2462 1075 2490 te
1098 2458 1206 2491 locum
1231 2457 1391 2491 stationis.

1266 2514 1285 2545 8
