1655 2726
743 119 977 156 „51-

580 218 785 252 Secunda
817 219 1137 261 Quinquagena.

207 282 238 316 1.
267 282 391 324 Gaude,
418 294 608 327 generosum
634 289 770 320 stemma
917 289 949 322 8.
978 287 1101 327 Gaude,
1117 287 1216 328 virgo,
1232 295 1326 327 quam
1342 286 1382 317 de
1395 285 1511 325 priscis

264 331 445 365 Davidieae
470 334 583 375 stirpis
609 345 745 378 gemma,

312 380 458 422 Dignare
482 382 523 414 ab
549 384 650 424 impia

265 429 434 462 Potestate
458 440 516 463 nos
542 433 642 464 tutari

264 476 335 509 Nec
360 479 531 518 permittas
557 480 691 521 gloriari

312 526 419 559 Malos
444 528 478 559 in
503 528 641 562 malitia.

232 627 238 634 .
268 603 394 646 Gaude,
419 608 522 637 mater
547 606 746 648 incorrupta,

267 651 343 684 Sola
368 662 488 693 parens
515 656 548 685 et
571 655 716 695 innupta,

315 701 477 742 Innuptae
504 704 536 734 et
560 702 686 734 nubiles

267 749 315 781 Te
341 750 477 782 docente
502 750 607 782 Deum
632 751 737 784 sciant

265 797 433 840 Revereri,
460 807 501 830 ne
526 808 589 840 qua
611 798 692 831 fiant

313 846 363 878 Re
385 846 628 880 abominabiles.

257 2257 367 2290 Mater
391 2257 476 2289 iuste
500 2257 684 2302 iudicantis,

307 2306 408 2346 Quam
433 2305 494 2339 filii
520 2307 684 2341 hominum

257 2356 354 2397 Actu,
382 2364 471 2397 voce,
497 2354 562 2388 fide
587 2356 660 2397 pari

256 2403 388 2437 Debent
412 2414 521 2437 omnes
548 2405 696 2437 venerari

305 2453 353 2488 Ut
378 2454 482 2488 Deum
509 2457 539 2486 et
565 2454 749 2487 Dominum.

975 336 1073 368 Malis
1098 343 1224 367 massae
1247 334 1439 374 peccatricis

1023 384 1068 416 Et
1095 384 1135 415 de
1160 383 1239 415 viris
1264 382 1454 423 sanguinum

974 432 1106 472 Eripuit
1130 440 1189 463 rex
1215 431 1388 471 caelorum,

976 481 1107 514 Cunctis
1134 479 1239 511 choris
1267 487 1478 519 supernorum

1022 529 1070 560 Te
1093 536 1295 568 praeponens
1322 527 1493 568 agminum.

975 605 1099 646 Gaude,
1127 614 1208 645 quae
1233 605 1280 636 sie
1305 604 1436 637 evasisti

974 654 1019 686 Et
1043 657 1108 686 tam
1134 653 1236 693 probe
1261 652 1433 693 reppulisti

1021 701 1181 734 Draconis
1207 701 1368 741 astutiam,

973 751 1064 790 Quod
1091 749 1233 782 moribus
1258 759 1317 781 usa
1338 748 1449 789 probis

977 798 1066 831 Viam
1092 798 1253 838 reparasti
1279 797 1372 830 nobis

1021 847 1075 880 Ad
1103 847 1274 878 caelestem
1299 846 1449 886 patriam.

229 952 237 959 .
266 924 392 967 Gaude,
418 925 519 965 virgo,
549 925 637 957 euius
664 926 770 958 alvum
892 924 947 958 10.
976 924 1098 968 Gaude,
1126 933 1186 964 pro
1210 922 1346 955 infirmis
1372 932 1467 955 orans

261 972 413 1014 Servans,
428 972 502 1013 sibi,
517 982 577 1013 per
591 982 685 1013 quem
700 975 824 1007 salvum
974 973 1086 1005 Firma
1110 981 1238 1013 semper
1263 975 1296 1004 et
1320 980 1486 1012 perorans,

311 1020 421 1053 Genus
448 1024 497 1052 est
524 1022 719 1062 mortalium,
1022 1021 1156 1053 Hostem
1182 1023 1327 1053 nostrum
1352 1020 1494 1060 reprime

261 1068 422 1109 Dignatus
450 1071 500 1101 est
526 1069 567 1101 de
589 1072 622 1101 te
647 1070 737 1102 nasci
976 1069 1055 1102 Cum
1081 1069 1208 1110 peceati
1233 1068 1318 1100 nube
1343 1070 1449 1100 taetra

261 1117 307 1149 Et
333 1118 373 1149 de
398 1120 453 1150 tuo
479 1118 565 1149 laete
589 1118 691 1160 pasci,
971 1118 1017 1150 Et
1043 1117 1150 1150 exalta
1173 1126 1231 1149 nos
1257 1117 1290 1148 in
1315 1119 1410 1157 petra

309 1166 414 1198 Iudex
438 1168 546 1198 tamen
572 1167 723 1200 omnium.
1019 1165 1200 1198 Firmitatis
1225 1165 1355 1206 optime.

229 1269 236 1275 .
264 1242 389 1284 Gaude,
417 1252 512 1284 quam
538 1243 572 1275 in
598 1253 721 1277 summo
739 1247 825 1278 statu
891 1244 945 1277 11.
974 1243 1098 1288 Gaude,
1127 1243 1309 1275 caelibatus
1335 1243 1456 1279 schola,

262 1291 392 1324 Summo
418 1292 530 1334 vigens
554 1295 723 1333 potentatu
973 1292 1029 1324 Me
1054 1291 1150 1324 talari
1178 1300 1296 1323 ornans
1322 1292 1406 1323 stola

311 1340 459 1374 Christus
485 1340 548 1372 sibi
573 1341 686 1384 sociat,
1022 1341 1110 1373 Tuus
1136 1348 1196 1381 per
1219 1343 1252 1371 te
1278 1339 1363 1372 filius

263 1388 357 1421 Solus
383 1391 523 1420 mentem
550 1390 677 1422 solvens
703 1399 792 1423 ream
975 1389 1073 1422 Suum
1096 1389 1184 1420 levet
1208 1388 1250 1420 ad
1275 1391 1494 1431 conspectum,

261 1436 532 1477 Deprecationem
557 1447 672 1482 meam,
974 1437 1040 1471 Ubi
1065 1437 1146 1469 felix
1171 1436 1213 1469 ad
1239 1435 1421 1476 perfeetum

309 1486 443 1528 Quaeso,
471 1495 511 1518 ne
538 1487 708 1527 despiciat.
1022 1486 1096 1519 Non
1122 1485 1276 1518 movebor
1301 1485 1450 1526 amplius.

228 1590 235 1597 .
264 1563 389 1605 Gaude,
415 1566 554 1596 mentem
582 1564 671 1597 euius
690 1574 824 1606 aequam
892 1564 947 1596 12.
976 1562 1102 1604 Gaude,
1129 1567 1230 1603 virgo,
1258 1571 1353 1603 quam
1383 1563 1424 1595 de
1440 1563 1512 1595 luce

262 1611 337 1644 Non
362 1612 527 1652 persuasit
550 1613 652 1645 hostis
676 1623 823 1658 nequam,
972 1611 1045 1644 Lux
1068 1612 1238 1643 illustrans
1263 1610 1333 1643 Deo
1357 1611 1431 1643 luce

312 1660 372 1700 Qui
394 1669 454 1701 per
481 1661 578 1694 duras
603 1662 688 1694 acies
1020 1659 1217 1701 vigilantem
1241 1659 1388 1692 reddidit

261 1709 383 1742 Rectae
408 1709 615 1750 impugnator
641 1710 712 1743 viae
973 1710 1081 1749 Atque
1106 1717 1233 1740 sursum
1258 1708 1430 1750 sitientem,

264 1757 332 1790 Nos
358 1758 552 1799 impugnans
574 1761 644 1791 tota
670 1760 722 1792 die
973 1757 1075 1790 Tuam
1108 1757 1236 1797 quando
1261 1757 1350 1798 piam
1375 1760 1513 1789 mentem

310 1806 495 1841 Tribulavit
518 1807 653 1848 pluries.
1021 1805 1119 1838 Lucis
1147 1806 1303 1846 templum
1331 1806 1487 1840 condidit.

226 1910 233 1918 .
262 1884 386 1929 Gaude,
415 1894 525 1926 verax,
554 1895 664 1918 amans
691 1888 769 1929 veri,
890 1884 946 1918 13.
975 1883 1098 1926 Gaude,
1126 1884 1228 1928 virge,
1253 1886 1323 1925 spei
1351 1889 1459 1918 certae

260 1934 457 1966 Miserorum
480 1934 628 1966 misereri
973 1932 1099 1966 Fruetu
1124 1931 1234 1965 fruens
1260 1934 1339 1966 mihi
1364 1943 1424 1976 per
1448 1939 1481 1966 te

308 1982 367 2015 Pie
392 1992 520 2023 semper
545 1984 652 2024 solita,
1023 1982 1094 2015 Hoc
1120 1982 1254 2014 concedi
1282 1983 1450 2025 deprecor,

259 2032 380 2064 Anima
404 2031 439 2064 in
462 2036 495 2064 te
521 2031 686 2066 confidens
973 2031 1020 2064 Ut
1044 2032 1175 2072 plaeere
1199 2030 1269 2063 Deo
1295 2032 1427 2073 possim,

260 2080 306 2113 Et
330 2089 367 2113 se
393 2081 490 2121 eulpa
513 2090 579 2114 non
605 2082 730 2115 elidens
972 2080 1050 2113 Voti
1075 2088 1200 2121 quoque
1224 2082 1261 2112 ut
1286 2089 1416 2122 compos
1438 2081 1510 2125 sim,

308 2129 393 2161 Vere
417 2129 487 2162 Deo
511 2130 653 2164 reddita.
1020 2128 1112 2169 Quod
1139 2127 1257 2161 affeetu
1280 2138 1470 2171 prosequor.

225 2235 232 2242 .
260 2207 385 2249 Gaude,
412 2211 517 2241 mater
541 2209 743 2251 imperantis,
888 2208 945 2242 14.
974 2207 1098 2250 Gaude,
1117 2209 1232 2248 mater,
1246 2207 1368 2241 habens
1381 2209 1508 2253 pignus,

970 2257 1061 2297 Quod
1069 2256 1275 2297 praecunctis
1284 2257 1378 2289 decet
1384 2258 1521 2299 hymnus

1018 2305 1062 2338 Ei
1087 2306 1197 2337 votum
1222 2305 1371 2350 reddere,

972 2354 1063 2387 Sicut
1090 2353 1184 2385 decet
1209 2356 1241 2385 et
1266 2358 1424 2398 optamus,

970 2403 1040 2443 Ope
1065 2411 1123 2435 sua
1148 2400 1312 2436 valeamus

1018 2452 1062 2485 Et
1085 2451 1186 2492 ipsius
1210 2462 1352 2486 munere.
