<?xml version="1.0" encoding="UTF-8"?>
<!DOCTYPE html PUBLIC "-//W3C//DTD XHTML 1.0 Transitional//EN"
    "http://www.w3.org/TR/xhtml1/DTD/xhtml1-transitional.dtd">
<html xmlns="http://www.w3.org/1999/xhtml" xml:lang="en" lang="en">
 <head>
  <title>
</title>
<meta http-equiv="Content-Type" content="text/html;charset=utf-8" />
  <meta name='ocr-system' content='tesseract 3.04.00' />
  <meta name='ocr-capabilities' content='ocr_page ocr_carea ocr_par ocr_line ocrx_word'/>
</head>
<body>
  <div class='ocr_page' id='page_1' title='image "./analectahymnica36drevuoft_00161.png"; bbox 0 0 1655 2726; ppageno 0'>
   <div class='ocr_carea' id='block_1_1' title="bbox 753 126 1012 163">
    <p class='ocr_par' dir='ltr' id='par_1_1' title="bbox 753 126 1012 163">
     <span class='ocr_line' id='line_1_1' title="bbox 753 126 1012 163; baseline 0 0"><span class='ocrx_word' id='word_1_1' title='bbox 753 126 1012 163; x_wconf 75' lang='lat'>—158—</span> 
     </span>
    </p>
   </div>
   <div class='ocr_carea' id='block_1_2' title="bbox 221 224 767 403">
    <p class='ocr_par' dir='ltr' id='par_1_2' title="bbox 221 224 767 403">
     <span class='ocr_line' id='line_1_2' title="bbox 221 224 767 266; baseline 0 -8"><span class='ocrx_word' id='word_1_2' title='bbox 221 226 238 258; x_wconf 87' lang='grc'>5</span> <span class='ocrx_word' id='word_1_3' title='bbox 245 224 262 257; x_wconf 89' lang='grc'>1</span> <span class='ocrx_word' id='word_1_4' title='bbox 269 227 300 258; x_wconf 85' lang='grc'>7.</span> <span class='ocrx_word' id='word_1_5' title='bbox 314 225 540 266; x_wconf 70' lang='lat' dir='ltr'>impugnatum</span> <span class='ocrx_word' id='word_1_6' title='bbox 564 226 767 259; x_wconf 84' lang='lat' dir='ltr'>invocantem</span> 
     </span>
     <span class='ocr_line' id='line_1_3' title="bbox 314 274 740 313; baseline 0 -8"><span class='ocrx_word' id='word_1_7' title='bbox 314 274 438 306; x_wconf 83' lang='lat' dir='ltr'>Nomen</span> <span class='ocrx_word' id='word_1_8' title='bbox 464 276 552 306; x_wconf 82' lang='lat' dir='ltr'>tuum</span> <span class='ocrx_word' id='word_1_9' title='bbox 577 274 653 306; x_wconf 83' lang='lat' dir='ltr'>audi</span> <span class='ocrx_word' id='word_1_10' title='bbox 678 275 740 313; x_wconf 85' lang='lat' dir='ltr'>pie,</span> 
     </span>
     <span class='ocr_line' id='line_1_4' title="bbox 314 321 766 361; baseline 0 -7"><span class='ocrx_word' id='word_1_11' title='bbox 314 321 514 361; x_wconf 80' lang='lat' dir='ltr'>Fortissima,</span> <span class='ocrx_word' id='word_1_12' title='bbox 541 321 766 355; x_wconf 75' lang='lat' dir='ltr'>formidantem</span> 
     </span>
     <span class='ocr_line' id='line_1_5' title="bbox 313 370 707 403; baseline 0 0"><span class='ocrx_word' id='word_1_13' title='bbox 313 370 506 403; x_wconf 81' lang='lat' dir='ltr'>Fortificans</span> <span class='ocrx_word' id='word_1_14' title='bbox 531 370 617 402; x_wconf 91' lang='lat' dir='ltr'>omni</span> <span class='ocrx_word' id='word_1_15' title='bbox 644 370 707 403; x_wconf 84' lang='lat' dir='ltr'>die.</span> 
     </span>
    </p>
   </div>
   <div class='ocr_carea' id='block_1_3' title="bbox 219 446 848 626">
    <p class='ocr_par' dir='ltr' id='par_1_3' title="bbox 219 446 848 626">
     <span class='ocr_line' id='line_1_6' title="bbox 219 446 724 488; baseline 0 -9"><span class='ocrx_word' id='word_1_16' title='bbox 219 447 297 481; x_wconf 89' lang='lat'>518.</span> <span class='ocrx_word' id='word_1_17' title='bbox 312 446 375 479; x_wconf 83' lang='lat' dir='ltr'>Die</span> <span class='ocrx_word' id='word_1_18' title='bbox 400 447 536 488; x_wconf 84' lang='lat' dir='ltr'>quadam</span> <span class='ocrx_word' id='word_1_19' title='bbox 561 447 724 480; x_wconf 77' lang='lat' dir='ltr'>invocavit</span> 
     </span>
     <span class='ocr_line' id='line_1_7' title="bbox 315 495 707 538; baseline 0.003 -11"><span class='ocrx_word' id='word_1_20' title='bbox 315 495 361 527; x_wconf 80' lang='lat' dir='ltr'>Te</span> <span class='ocrx_word' id='word_1_21' title='bbox 385 495 522 528; x_wconf 80' lang='lat' dir='ltr'>Mariam</span> <span class='ocrx_word' id='word_1_22' title='bbox 549 496 707 538; x_wconf 82' lang='lat' dir='ltr'>monialis,</span> 
     </span>
     <span class='ocr_line' id='line_1_8' title="bbox 315 543 848 585; baseline 0.002 -10"><span class='ocrx_word' id='word_1_23' title='bbox 315 547 414 582; x_wconf 59' lang='lat' dir='ltr'>Quam</span> <span class='ocrx_word' id='word_1_24' title='bbox 443 543 576 576; x_wconf 75' lang='lat' dir='ltr'>daemon</span> <span class='ocrx_word' id='word_1_25' title='bbox 602 553 699 585; x_wconf 80' lang='lat' dir='ltr'>saepe</span> <span class='ocrx_word' id='word_1_26' title='bbox 718 544 848 576; x_wconf 79' lang='lat' dir='ltr'>vexavit</span> 
     </span>
     <span class='ocr_line' id='line_1_9' title="bbox 313 591 650 626; baseline 0.006 -3"><span class='ocrx_word' id='word_1_27' title='bbox 313 591 520 624; x_wconf 87' lang='lat' dir='ltr'>Illusionibus</span> <span class='ocrx_word' id='word_1_28' title='bbox 547 592 650 626; x_wconf 80' lang='lat' dir='ltr'>maliS.</span> 
     </span>
    </p>
   </div>
   <div class='ocr_carea' id='block_1_4' title="bbox 219 667 775 853">
    <p class='ocr_par' dir='ltr' id='par_1_4' title="bbox 219 667 775 853">
     <span class='ocr_line' id='line_1_10' title="bbox 219 667 775 711; baseline 0.002 -11"><span class='ocrx_word' id='word_1_29' title='bbox 219 667 298 701; x_wconf 86' lang='lat'>519.</span> <span class='ocrx_word' id='word_1_30' title='bbox 313 668 412 701; x_wconf 82' lang='lat' dir='ltr'>Malis</span> <span class='ocrx_word' id='word_1_31' title='bbox 440 668 545 701; x_wconf 83' lang='lat' dir='ltr'>carnis</span> <span class='ocrx_word' id='word_1_32' title='bbox 570 669 651 701; x_wconf 86' lang='lat' dir='ltr'>haec</span> <span class='ocrx_word' id='word_1_33' title='bbox 675 669 775 711; x_wconf 81' lang='lat' dir='ltr'>impia</span> 
     </span>
     <span class='ocr_line' id='line_1_11' title="bbox 313 716 752 749; baseline 0 -1"><span class='ocrx_word' id='word_1_34' title='bbox 313 716 418 749; x_wconf 88' lang='lat' dir='ltr'>Lucro</span> <span class='ocrx_word' id='word_1_35' title='bbox 444 726 561 749; x_wconf 83' lang='lat' dir='ltr'>vacans</span> <span class='ocrx_word' id='word_1_36' title='bbox 586 717 752 749; x_wconf 81' lang='lat' dir='ltr'>mortifero</span> 
     </span>
     <span class='ocr_line' id='line_1_12' title="bbox 315 763 658 806; baseline 0.003 -10"><span class='ocrx_word' id='word_1_37' title='bbox 315 763 466 797; x_wconf 82' lang='lat' dir='ltr'>Coloniae</span> <span class='ocrx_word' id='word_1_38' title='bbox 489 765 658 806; x_wconf 82' lang='lat' dir='ltr'>provincia</span> 
     </span>
     <span class='ocr_line' id='line_1_13' title="bbox 313 812 748 853; baseline 0 -8"><span class='ocrx_word' id='word_1_39' title='bbox 313 812 523 845; x_wconf 81' lang='lat' dir='ltr'>Ministrabat</span> <span class='ocrx_word' id='word_1_40' title='bbox 547 813 748 853; x_wconf 84' lang='lat' dir='ltr'>presbytero.</span> 
     </span>
    </p>
   </div>
   <div class='ocr_carea' id='block_1_5' title="bbox 217 889 777 1067">
    <p class='ocr_par' dir='ltr' id='par_1_5' title="bbox 217 889 777 1067">
     <span class='ocr_line' id='line_1_14' title="bbox 217 889 719 930; baseline 0.004 -9"><span class='ocrx_word' id='word_1_41' title='bbox 217 890 297 922; x_wconf 75' lang='lat'>520.</span> <span class='ocrx_word' id='word_1_42' title='bbox 312 889 571 930; x_wconf 82' lang='lat' dir='ltr'>Presbyteroque</span> <span class='ocrx_word' id='word_1_43' title='bbox 595 892 719 923; x_wconf 88' lang='lat' dir='ltr'>mortuo</span> 
     </span>
     <span class='ocr_line' id='line_1_15' title="bbox 310 937 777 979; baseline 0 -9"><span class='ocrx_word' id='word_1_44' title='bbox 310 937 361 970; x_wconf 77' lang='lat' dir='ltr'>De</span> <span class='ocrx_word' id='word_1_45' title='bbox 386 938 528 978; x_wconf 80' lang='lat' dir='ltr'>peccatis</span> <span class='ocrx_word' id='word_1_46' title='bbox 556 939 777 979; x_wconf 83' lang='lat' dir='ltr'>compungitur</span> 
     </span>
     <span class='ocr_line' id='line_1_16' title="bbox 308 985 720 1025; baseline 0.002 -7"><span class='ocrx_word' id='word_1_47' title='bbox 308 985 353 1018; x_wconf 86' lang='lat' dir='ltr'>Et</span> <span class='ocrx_word' id='word_1_48' title='bbox 377 987 545 1025; x_wconf 80' lang='lat' dir='ltr'>paenitens</span> <span class='ocrx_word' id='word_1_49' title='bbox 571 987 720 1019; x_wconf 84' lang='lat' dir='ltr'>continuo</span> 
     </span>
     <span class='ocr_line' id='line_1_17' title="bbox 308 1033 636 1067; baseline 0.006 -2"><span class='ocrx_word' id='word_1_50' title='bbox 308 1033 461 1066; x_wconf 83' lang='lat' dir='ltr'>Monialis</span> <span class='ocrx_word' id='word_1_51' title='bbox 489 1033 636 1067; x_wconf 80' lang='lat' dir='ltr'>efficitur.</span> 
     </span>
    </p>
   </div>
   <div class='ocr_carea' id='block_1_6' title="bbox 214 1109 809 1287">
    <p class='ocr_par' dir='ltr' id='par_1_6' title="bbox 214 1109 809 1287">
     <span class='ocr_line' id='line_1_18' title="bbox 214 1109 695 1144; baseline 0.002 -2"><span class='ocrx_word' id='word_1_52' title='bbox 214 1110 292 1144; x_wconf 83' lang='lat'>521.</span> <span class='ocrx_word' id='word_1_53' title='bbox 307 1109 460 1143; x_wconf 80' lang='lat' dir='ltr'>Efficitur</span> <span class='ocrx_word' id='word_1_54' title='bbox 485 1111 560 1143; x_wconf 78' lang='lat' dir='ltr'>hine</span> <span class='ocrx_word' id='word_1_55' title='bbox 585 1109 695 1143; x_wconf 85' lang='lat' dir='ltr'>furore</span> 
     </span>
     <span class='ocr_line' id='line_1_19' title="bbox 305 1158 809 1199; baseline -0.002 -7"><span class='ocrx_word' id='word_1_56' title='bbox 305 1158 413 1192; x_wconf 81' lang='lat' dir='ltr'>Valde</span> <span class='ocrx_word' id='word_1_57' title='bbox 438 1160 568 1199; x_wconf 88' lang='lat' dir='ltr'>plenum</span> <span class='ocrx_word' id='word_1_58' title='bbox 597 1159 809 1198; x_wconf 78' lang='lat' dir='ltr'>daemonium,</span> 
     </span>
     <span class='ocr_line' id='line_1_20' title="bbox 307 1206 680 1239; baseline 0 0"><span class='ocrx_word' id='word_1_59' title='bbox 307 1206 401 1239; x_wconf 83' lang='lat' dir='ltr'>Unde</span> <span class='ocrx_word' id='word_1_60' title='bbox 427 1207 565 1239; x_wconf 76' lang='lat' dir='ltr'>terribili</span> <span class='ocrx_word' id='word_1_61' title='bbox 593 1215 680 1239; x_wconf 81' lang='lat' dir='ltr'>more</span> 
     </span>
     <span class='ocr_line' id='line_1_21' title="bbox 307 1255 634 1287; baseline 0.003 -1"><span class='ocrx_word' id='word_1_62' title='bbox 307 1255 414 1287; x_wconf 85' lang='lat' dir='ltr'>Illusit</span> <span class='ocrx_word' id='word_1_63' title='bbox 437 1255 467 1286; x_wconf 85' lang='lat' dir='ltr'>ei</span> <span class='ocrx_word' id='word_1_64' title='bbox 492 1255 634 1287; x_wconf 89' lang='lat' dir='ltr'>nimium.</span> 
     </span>
    </p>
   </div>
   <div class='ocr_carea' id='block_1_7' title="bbox 217 1332 811 1516">
    <p class='ocr_par' dir='ltr' id='par_1_7' title="bbox 217 1332 811 1516">
     <span class='ocr_line' id='line_1_22' title="bbox 217 1332 675 1364; baseline 0 -1"><span class='ocrx_word' id='word_1_65' title='bbox 217 1332 295 1363; x_wconf 85' lang='lat'>522.</span> <span class='ocrx_word' id='word_1_66' title='bbox 313 1332 451 1363; x_wconf 84' lang='lat' dir='ltr'>Nimium</span> <span class='ocrx_word' id='word_1_67' title='bbox 476 1332 535 1364; x_wconf 81' lang='lat' dir='ltr'>illa</span> <span class='ocrx_word' id='word_1_68' title='bbox 558 1335 675 1364; x_wconf 82' lang='lat' dir='ltr'>vexata</span> 
     </span>
     <span class='ocr_line' id='line_1_23' title="bbox 309 1379 811 1420; baseline 0 -9"><span class='ocrx_word' id='word_1_69' title='bbox 309 1379 433 1419; x_wconf 78' lang='lat' dir='ltr'>Sparsit</span> <span class='ocrx_word' id='word_1_70' title='bbox 461 1389 575 1419; x_wconf 80' lang='lat' dir='ltr'>aquam</span> <span class='ocrx_word' id='word_1_71' title='bbox 598 1381 811 1420; x_wconf 70' lang='lat' dir='ltr'>benedictam,</span> 
     </span>
     <span class='ocr_line' id='line_1_24' title="bbox 310 1426 722 1461; baseline 0 -1"><span class='ocrx_word' id='word_1_72' title='bbox 310 1426 422 1460; x_wconf 71' lang='lat' dir='ltr'>Crucis</span> <span class='ocrx_word' id='word_1_73' title='bbox 448 1427 569 1460; x_wconf 81' lang='lat' dir='ltr'>faciens</span> <span class='ocrx_word' id='word_1_74' title='bbox 595 1432 722 1461; x_wconf 77' lang='lat' dir='ltr'>sacrata</span> 
     </span>
     <span class='ocr_line' id='line_1_25' title="bbox 308 1474 784 1516; baseline 0.004 -10"><span class='ocrx_word' id='word_1_75' title='bbox 308 1475 406 1515; x_wconf 83' lang='lat' dir='ltr'>Signa</span> <span class='ocrx_word' id='word_1_76' title='bbox 431 1484 528 1516; x_wconf 87' lang='lat' dir='ltr'>super</span> <span class='ocrx_word' id='word_1_77' title='bbox 553 1484 588 1507; x_wconf 73' lang='lat' dir='ltr'>se</span> <span class='ocrx_word' id='word_1_78' title='bbox 612 1474 784 1508; x_wconf 78' lang='lat' dir='ltr'>adflictam.</span> 
     </span>
    </p>
   </div>
   <div class='ocr_carea' id='block_1_8' title="bbox 908 222 1504 403">
    <p class='ocr_par' dir='ltr' id='par_1_8' title="bbox 908 222 1504 403">
     <span class='ocr_line' id='line_1_26' title="bbox 908 222 1504 259; baseline -0.012 0"><span class='ocrx_word' id='word_1_79' title='bbox 908 226 987 259; x_wconf 79' lang='lat'>523.</span> <span class='ocrx_word' id='word_1_80' title='bbox 1003 222 1177 256; x_wconf 79' lang='lat' dir='ltr'>Adflictam</span> <span class='ocrx_word' id='word_1_81' title='bbox 1202 223 1249 254; x_wconf 83' lang='lat' dir='ltr'>sic</span> <span class='ocrx_word' id='word_1_82' title='bbox 1274 231 1338 254; x_wconf 90' lang='lat' dir='ltr'>non</span> <span class='ocrx_word' id='word_1_83' title='bbox 1365 222 1504 253; x_wconf 77' lang='lat' dir='ltr'>cessavi-t,</span> 
     </span>
     <span class='ocr_line' id='line_1_27' title="bbox 1000 269 1478 308; baseline -0.01 -3"><span class='ocrx_word' id='word_1_84' title='bbox 1000 272 1050 305; x_wconf 78' lang='lat' dir='ltr'>Ex</span> <span class='ocrx_word' id='word_1_85' title='bbox 1076 274 1143 304; x_wconf 80' lang='lat' dir='ltr'>toto</span> <span class='ocrx_word' id='word_1_86' title='bbox 1171 271 1304 303; x_wconf 84' lang='lat' dir='ltr'>daemon</span> <span class='ocrx_word' id='word_1_87' title='bbox 1331 269 1478 308; x_wconf 80' lang='lat' dir='ltr'>turba-re,</span> 
     </span>
     <span class='ocr_line' id='line_1_28' title="bbox 1001 317 1460 353; baseline -0.009 0"><span class='ocrx_word' id='word_1_88' title='bbox 1001 320 1112 353; x_wconf 82' lang='lat' dir='ltr'>Donec</span> <span class='ocrx_word' id='word_1_89' title='bbox 1139 320 1246 352; x_wconf 82' lang='lat' dir='ltr'>datum</span> <span class='ocrx_word' id='word_1_90' title='bbox 1274 317 1460 351; x_wconf 81' lang='lat' dir='ltr'>observavit</span> 
     </span>
     <span class='ocr_line' id='line_1_29' title="bbox 1004 366 1356 403; baseline -0.006 -1"><span class='ocrx_word' id='word_1_91' title='bbox 1004 367 1179 403; x_wconf 65' lang='lat' dir='ltr'>Consilium</span> <span class='ocrx_word' id='word_1_92' title='bbox 1204 366 1356 400; x_wconf 82' lang='lat' dir='ltr'>salutare.</span> 
     </span>
    </p>
   </div>
   <div class='ocr_carea' id='block_1_9' title="bbox 907 444 1499 632">
    <p class='ocr_par' dir='ltr' id='par_1_9' title="bbox 907 444 1499 632">
     <span class='ocr_line' id='line_1_30' title="bbox 907 444 1351 481; baseline -0.011 0"><span class='ocrx_word' id='word_1_93' title='bbox 907 449 986 481; x_wconf 82' lang='lat'>524.</span> <span class='ocrx_word' id='word_1_94' title='bbox 1001 446 1148 479; x_wconf 83' lang='lat' dir='ltr'>Salutare</span> <span class='ocrx_word' id='word_1_95' title='bbox 1174 444 1351 477; x_wconf 85' lang='lat' dir='ltr'>remedium</span> 
     </span>
     <span class='ocr_line' id='line_1_31' title="bbox 1000 492 1499 534; baseline -0.006 -7"><span class='ocrx_word' id='word_1_96' title='bbox 1000 495 1052 527; x_wconf 84' lang='lat' dir='ltr'>Ad</span> <span class='ocrx_word' id='word_1_97' title='bbox 1080 496 1111 525; x_wconf 91' lang='lat' dir='ltr'>te</span> <span class='ocrx_word' id='word_1_98' title='bbox 1136 494 1277 526; x_wconf 79' lang='lat' dir='ltr'>clamans</span> <span class='ocrx_word' id='word_1_99' title='bbox 1301 492 1499 534; x_wconf 78' lang='lat' dir='ltr'>impetravit,</span> 
     </span>
     <span class='ocr_line' id='line_1_32' title="bbox 1001 541 1439 575; baseline -0.007 0"><span class='ocrx_word' id='word_1_100' title='bbox 1001 542 1084 575; x_wconf 83' lang='lat' dir='ltr'>Nam</span> <span class='ocrx_word' id='word_1_101' title='bbox 1110 542 1149 575; x_wconf 82' lang='lat' dir='ltr'>ab</span> <span class='ocrx_word' id='word_1_102' title='bbox 1177 550 1216 574; x_wconf 70' lang='lat' dir='ltr'>ea</span> <span class='ocrx_word' id='word_1_103' title='bbox 1238 541 1439 574; x_wconf 82' lang='lat' dir='ltr'>daemonium</span> 
     </span>
     <span class='ocr_line' id='line_1_33' title="bbox 1000 590 1362 632; baseline -0.003 -8"><span class='ocrx_word' id='word_1_104' title='bbox 1000 591 1046 624; x_wconf 87' lang='lat' dir='ltr'>Ut</span> <span class='ocrx_word' id='word_1_105' title='bbox 1069 591 1187 632; x_wconf 77' lang='lat' dir='ltr'>sagitta</span> <span class='ocrx_word' id='word_1_106' title='bbox 1212 590 1362 623; x_wconf 83' lang='lat' dir='ltr'>evolavit.</span> 
     </span>
    </p>
   </div>
   <div class='ocr_carea' id='block_1_10' title="bbox 906 667 1462 854">
    <p class='ocr_par' dir='ltr' id='par_1_10' title="bbox 906 667 1462 854">
     <span class='ocr_line' id='line_1_34' title="bbox 906 667 1447 704; baseline -0.004 -1"><span class='ocrx_word' id='word_1_107' title='bbox 906 668 1126 704; x_wconf 81' lang='lat' dir='ltr'>525.V01avit</span> <span class='ocrx_word' id='word_1_108' title='bbox 1152 669 1191 702; x_wconf 88' lang='lat' dir='ltr'>ab</span> <span class='ocrx_word' id='word_1_109' title='bbox 1218 668 1280 700; x_wconf 80' lang='lat' dir='ltr'>hae</span> <span class='ocrx_word' id='word_1_110' title='bbox 1304 667 1337 700; x_wconf 92' lang='lat' dir='ltr'>in</span> <span class='ocrx_word' id='word_1_111' title='bbox 1363 668 1447 701; x_wconf 79' lang='lat' dir='ltr'>viam</span> 
     </span>
     <span class='ocr_line' id='line_1_35' title="bbox 997 716 1462 757; baseline -0.004 -7"><span class='ocrx_word' id='word_1_112' title='bbox 997 718 1164 750; x_wconf 71' lang='lat' dir='ltr'>Remotam</span> <span class='ocrx_word' id='word_1_113' title='bbox 1189 716 1290 748; x_wconf 81' lang='lat' dir='ltr'>malus</span> <span class='ocrx_word' id='word_1_114' title='bbox 1315 716 1462 757; x_wconf 83' lang='lat' dir='ltr'>spiritus,</span> 
     </span>
     <span class='ocr_line' id='line_1_36' title="bbox 1000 763 1460 808; baseline -0.004 -9"><span class='ocrx_word' id='word_1_115' title='bbox 1000 767 1134 805; x_wconf 85' lang='lat' dir='ltr'>Semper</span> <span class='ocrx_word' id='word_1_116' title='bbox 1159 763 1284 806; x_wconf 82' lang='lat' dir='ltr'>fugiens</span> <span class='ocrx_word' id='word_1_117' title='bbox 1309 765 1460 808; x_wconf 80' lang='lat' dir='ltr'>Mariam,</span> 
     </span>
     <span class='ocr_line' id='line_1_37' title="bbox 998 813 1386 854; baseline -0.003 -8"><span class='ocrx_word' id='word_1_118' title='bbox 998 814 1028 846; x_wconf 87' lang='lat' dir='ltr'>A</span> <span class='ocrx_word' id='word_1_119' title='bbox 1052 813 1159 846; x_wconf 81' lang='lat' dir='ltr'>Maria</span> <span class='ocrx_word' id='word_1_120' title='bbox 1184 813 1386 854; x_wconf 82' lang='lat' dir='ltr'>perterritus.</span> 
     </span>
    </p>
   </div>
   <div class='ocr_carea' id='block_1_11' title="bbox 905 890 1487 1070">
    <p class='ocr_par' dir='ltr' id='par_1_11' title="bbox 905 890 1487 1070">
     <span class='ocr_line' id='line_1_38' title="bbox 905 890 1425 931; baseline -0.002 -7"><span class='ocrx_word' id='word_1_121' title='bbox 905 892 982 924; x_wconf 84' lang='lat'>526.</span> <span class='ocrx_word' id='word_1_122' title='bbox 999 890 1145 923; x_wconf 82' lang='lat' dir='ltr'>Territus</span> <span class='ocrx_word' id='word_1_123' title='bbox 1171 900 1284 931; x_wconf 81' lang='lat' dir='ltr'>parum</span> <span class='ocrx_word' id='word_1_124' title='bbox 1310 893 1425 931; x_wconf 84' lang='lat' dir='ltr'>postea</span> 
     </span>
     <span class='ocr_line' id='line_1_39' title="bbox 998 938 1443 983; baseline 0 -12"><span class='ocrx_word' id='word_1_125' title='bbox 998 939 1054 979; x_wconf 86' lang='lat' dir='ltr'>Te,</span> <span class='ocrx_word' id='word_1_126' title='bbox 1080 938 1197 983; x_wconf 76' lang='lat' dir='ltr'>Maria,</span> <span class='ocrx_word' id='word_1_127' title='bbox 1218 948 1283 972; x_wconf 90' lang='lat' dir='ltr'>non</span> <span class='ocrx_word' id='word_1_128' title='bbox 1309 939 1443 972; x_wconf 84' lang='lat' dir='ltr'>audiens</span> 
     </span>
     <span class='ocr_line' id='line_1_40' title="bbox 998 987 1487 1029; baseline 0.002 -10"><span class='ocrx_word' id='word_1_129' title='bbox 998 987 1157 1029; x_wconf 80' lang='lat' dir='ltr'>Temptat,</span> <span class='ocrx_word' id='word_1_130' title='bbox 1184 996 1225 1019; x_wconf 89' lang='lat' dir='ltr'>ne</span> <span class='ocrx_word' id='word_1_131' title='bbox 1249 988 1291 1020; x_wconf 88' lang='lat' dir='ltr'>sit</span> <span class='ocrx_word' id='word_1_132' title='bbox 1316 992 1487 1028; x_wconf 78' lang='lat' dir='ltr'>praeterea</span> 
     </span>
     <span class='ocr_line' id='line_1_41' title="bbox 998 1034 1396 1070; baseline 0.003 -2"><span class='ocrx_word' id='word_1_133' title='bbox 998 1034 1237 1068; x_wconf 71' lang='lat' dir='ltr'>confessionem</span> <span class='ocrx_word' id='word_1_134' title='bbox 1263 1034 1396 1070; x_wconf 63' lang='lat' dir='ltr'>faciens</span> 
     </span>
    </p>
   </div>
   <div class='ocr_carea' id='block_1_12' title="bbox 904 1112 1498 1293">
    <p class='ocr_par' dir='ltr' id='par_1_12' title="bbox 904 1112 1498 1293">
     <span class='ocr_line' id='line_1_42' title="bbox 904 1112 1393 1153; baseline 0.002 -8"><span class='ocrx_word' id='word_1_135' title='bbox 904 1113 983 1145; x_wconf 80' lang='lat'>527.</span> <span class='ocrx_word' id='word_1_136' title='bbox 998 1112 1134 1145; x_wconf 78' lang='lat' dir='ltr'>Faciens</span> <span class='ocrx_word' id='word_1_137' title='bbox 1160 1115 1266 1145; x_wconf 84' lang='lat' dir='ltr'>tamen</span> <span class='ocrx_word' id='word_1_138' title='bbox 1292 1114 1393 1153; x_wconf 82' lang='lat' dir='ltr'>priori</span> 
     </span>
     <span class='ocr_line' id='line_1_43' title="bbox 997 1159 1411 1205; baseline 0.007 -13"><span class='ocrx_word' id='word_1_139' title='bbox 997 1159 1236 1193; x_wconf 77' lang='lat' dir='ltr'>Confessionem</span> <span class='ocrx_word' id='word_1_140' title='bbox 1259 1162 1411 1205; x_wconf 80' lang='lat' dir='ltr'>vividam,</span> 
     </span>
     <span class='ocr_line' id='line_1_44' title="bbox 995 1209 1429 1244; baseline 0.005 -3"><span class='ocrx_word' id='word_1_141' title='bbox 995 1209 1060 1241; x_wconf 84' lang='lat' dir='ltr'>Per</span> <span class='ocrx_word' id='word_1_142' title='bbox 1084 1211 1115 1240; x_wconf 88' lang='lat' dir='ltr'>te</span> <span class='ocrx_word' id='word_1_143' title='bbox 1142 1209 1218 1241; x_wconf 75' lang='lat' dir='ltr'>data</span> <span class='ocrx_word' id='word_1_144' title='bbox 1242 1210 1290 1242; x_wconf 80' lang='lat' dir='ltr'>sie</span> <span class='ocrx_word' id='word_1_145' title='bbox 1314 1210 1429 1244; x_wconf 82' lang='lat' dir='ltr'>honori</span> 
     </span>
     <span class='ocr_line' id='line_1_45' title="bbox 998 1256 1498 1293; baseline 0.01 -5"><span class='ocrx_word' id='word_1_146' title='bbox 998 1256 1082 1288; x_wconf 83' lang='lat' dir='ltr'>Vicit</span> <span class='ocrx_word' id='word_1_147' title='bbox 1106 1258 1207 1289; x_wconf 83' lang='lat' dir='ltr'>hostis</span> <span class='ocrx_word' id='word_1_148' title='bbox 1232 1259 1297 1289; x_wconf 89' lang='lat' dir='ltr'>vim</span> <span class='ocrx_word' id='word_1_149' title='bbox 1321 1260 1498 1293; x_wconf 83' lang='lat' dir='ltr'>horridam.</span> 
     </span>
    </p>
   </div>
   <div class='ocr_carea' id='block_1_13' title="bbox 902 1333 1489 1521">
    <p class='ocr_par' dir='ltr' id='par_1_13' title="bbox 902 1333 1489 1521">
     <span class='ocr_line' id='line_1_46' title="bbox 902 1333 1467 1378; baseline 0.007 -11"><span class='ocrx_word' id='word_1_150' title='bbox 902 1333 1172 1368; x_wconf 79' lang='lat' dir='ltr'>528.H0rr1·‹1am</span> <span class='ocrx_word' id='word_1_151' title='bbox 1200 1334 1326 1368; x_wconf 80' lang='lat' dir='ltr'>vincam</span> <span class='ocrx_word' id='word_1_152' title='bbox 1352 1339 1384 1368; x_wconf 86' lang='lat' dir='ltr'>et</span> <span class='ocrx_word' id='word_1_153' title='bbox 1409 1346 1467 1378; x_wconf 87' lang='lat' dir='ltr'>ego</span> 
     </span>
     <span class='ocr_line' id='line_1_47' title="bbox 996 1381 1422 1424; baseline 0.009 -11"><span class='ocrx_word' id='word_1_154' title='bbox 996 1381 1050 1414; x_wconf 82' lang='lat' dir='ltr'>Sic</span> <span class='ocrx_word' id='word_1_155' title='bbox 1073 1382 1221 1415; x_wconf 84' lang='lat' dir='ltr'>hostilem</span> <span class='ocrx_word' id='word_1_156' title='bbox 1246 1385 1422 1424; x_wconf 78' lang='lat' dir='ltr'>nequitiam</span> 
     </span>
     <span class='ocr_line' id='line_1_48' title="bbox 999 1429 1489 1477; baseline 0.012 -16"><span class='ocrx_word' id='word_1_157' title='bbox 999 1429 1059 1462; x_wconf 83' lang='lat' dir='ltr'>Per</span> <span class='ocrx_word' id='word_1_158' title='bbox 1084 1432 1127 1471; x_wconf 82' lang='lat' dir='ltr'>te,</span> <span class='ocrx_word' id='word_1_159' title='bbox 1153 1431 1271 1472; x_wconf 83' lang='lat' dir='ltr'>Maria,</span> <span class='ocrx_word' id='word_1_160' title='bbox 1299 1442 1392 1473; x_wconf 85' lang='lat' dir='ltr'>quam</span> <span class='ocrx_word' id='word_1_161' title='bbox 1418 1435 1489 1477; x_wconf 85' lang='lat' dir='ltr'>lego</span> 
     </span>
     <span class='ocr_line' id='line_1_49' title="bbox 999 1477 1415 1521; baseline 0.017 -12"><span class='ocrx_word' id='word_1_162' title='bbox 999 1477 1155 1511; x_wconf 83' lang='lat' dir='ltr'>Collatam</span> <span class='ocrx_word' id='word_1_163' title='bbox 1180 1480 1244 1512; x_wconf 89' lang='lat' dir='ltr'>reis</span> <span class='ocrx_word' id='word_1_164' title='bbox 1268 1482 1415 1521; x_wconf 77' lang='lat' dir='ltr'>gratiam.</span> 
     </span>
    </p>
   </div>
   <div class='ocr_carea' id='block_1_14' title="bbox 554 1552 1132 1733">
    <p class='ocr_par' dir='ltr' id='par_1_14' title="bbox 554 1552 1132 1733">
     <span class='ocr_line' id='line_1_50' title="bbox 554 1552 1132 1597; baseline 0.003 -11"><span class='ocrx_word' id='word_1_165' title='bbox 554 1554 634 1586; x_wconf 81' lang='lat'>529.</span> <span class='ocrx_word' id='word_1_166' title='bbox 653 1552 796 1585; x_wconf 81' lang='lat' dir='ltr'>Gratiam</span> <span class='ocrx_word' id='word_1_167' title='bbox 822 1563 975 1594; x_wconf 82' lang='lat' dir='ltr'>nusquam</span> <span class='ocrx_word' id='word_1_168' title='bbox 998 1564 1132 1597; x_wconf 76' lang='lat' dir='ltr'>mereor,</span> 
     </span>
     <span class='ocr_line' id='line_1_51' title="bbox 647 1601 1031 1643; baseline 0.003 -10"><span class='ocrx_word' id='word_1_169' title='bbox 647 1601 730 1640; x_wconf 84' lang='lat' dir='ltr'>Iesu,</span> <span class='ocrx_word' id='word_1_170' title='bbox 757 1602 854 1634; x_wconf 83' lang='lat' dir='ltr'>miser</span> <span class='ocrx_word' id='word_1_171' title='bbox 878 1602 1031 1643; x_wconf 81' lang='lat' dir='ltr'>obtinere,</span> 
     </span>
     <span class='ocr_line' id='line_1_52' title="bbox 647 1649 1065 1692; baseline 0.007 -11"><span class='ocrx_word' id='word_1_172' title='bbox 647 1649 707 1690; x_wconf 75' lang='lat' dir='ltr'>Qui</span> <span class='ocrx_word' id='word_1_173' title='bbox 732 1659 791 1682; x_wconf 80' lang='lat' dir='ltr'>nec</span> <span class='ocrx_word' id='word_1_174' title='bbox 816 1650 877 1682; x_wconf 85' lang='lat' dir='ltr'>mei</span> <span class='ocrx_word' id='word_1_175' title='bbox 903 1650 1065 1692; x_wconf 69' lang='lat' dir='ltr'>misereor,</span> 
     </span>
     <span class='ocr_line' id='line_1_53' title="bbox 648 1696 1063 1733; baseline 0.01 -4"><span class='ocrx_word' id='word_1_176' title='bbox 648 1696 712 1729; x_wconf 83' lang='lat' dir='ltr'>Sed</span> <span class='ocrx_word' id='word_1_177' title='bbox 739 1701 772 1729; x_wconf 85' lang='lat' dir='ltr'>tu</span> <span class='ocrx_word' id='word_1_178' title='bbox 798 1698 876 1730; x_wconf 87' lang='lat' dir='ltr'>mihi</span> <span class='ocrx_word' id='word_1_179' title='bbox 902 1699 1063 1733; x_wconf 79' lang='lat' dir='ltr'>miserere.</span> 
     </span>
    </p>
   </div>
   <div class='ocr_carea' id='block_1_15' title="bbox 826 1784 907 1817">
    <p class='ocr_par' dir='ltr' id='par_1_15' title="bbox 826 1784 907 1817">
     <span class='ocr_line' id='line_1_54' title="bbox 826 1784 907 1817; baseline 0 -1"><span class='ocrx_word' id='word_1_180' title='bbox 826 1784 907 1817; x_wconf 84' lang='lat' dir='ltr'>LVI.</span> 
     </span>
    </p>
   </div>
   <div class='ocr_carea' id='block_1_16' title="bbox 207 1849 818 2034">
    <p class='ocr_par' dir='ltr' id='par_1_16' title="bbox 207 1849 818 2034">
     <span class='ocr_line' id='line_1_55' title="bbox 207 1849 698 1892; baseline -0.002 -9"><span class='ocrx_word' id='word_1_181' title='bbox 207 1850 288 1883; x_wconf 85' lang='lat'>530.</span> <span class='ocrx_word' id='word_1_182' title='bbox 303 1849 470 1889; x_wconf 78' lang='lat' dir='ltr'>Miserere,</span> <span class='ocrx_word' id='word_1_183' title='bbox 497 1850 598 1892; x_wconf 84' lang='lat' dir='ltr'>virgo,</span> <span class='ocrx_word' id='word_1_184' title='bbox 626 1851 698 1890; x_wconf 87' lang='lat' dir='ltr'>mei,</span> 
     </span>
     <span class='ocr_line' id='line_1_56' title="bbox 303 1898 716 1938; baseline 0.002 -9"><span class='ocrx_word' id='word_1_185' title='bbox 303 1898 462 1930; x_wconf 86' lang='lat' dir='ltr'>Miserere</span> <span class='ocrx_word' id='word_1_186' title='bbox 487 1898 576 1938; x_wconf 91' lang='lat' dir='ltr'>mihi,</span> <span class='ocrx_word' id='word_1_187' title='bbox 602 1901 716 1938; x_wconf 82' lang='lat' dir='ltr'>mater,</span> 
     </span>
     <span class='ocr_line' id='line_1_57' title="bbox 301 1945 790 1988; baseline 0.004 -11"><span class='ocrx_word' id='word_1_188' title='bbox 301 1947 369 1986; x_wconf 73' lang='lat' dir='ltr'>Qua</span> <span class='ocrx_word' id='word_1_189' title='bbox 395 1945 561 1978; x_wconf 82' lang='lat' dir='ltr'>confidunt</span> <span class='ocrx_word' id='word_1_190' title='bbox 585 1955 711 1988; x_wconf 81' lang='lat' dir='ltr'>semper</span> <span class='ocrx_word' id='word_1_191' title='bbox 733 1948 790 1987; x_wconf 88' lang='lat' dir='ltr'>rei,</span> 
     </span>
     <span class='ocr_line' id='line_1_58' title="bbox 300 1993 818 2034; baseline 0.004 -8"><span class='ocrx_word' id='word_1_192' title='bbox 300 1994 370 2034; x_wconf 74' lang='lat' dir='ltr'>Qua</span> <span class='ocrx_word' id='word_1_193' title='bbox 395 1993 431 2027; x_wconf 88' lang='lat' dir='ltr'>fit</span> <span class='ocrx_word' id='word_1_194' title='bbox 456 1995 546 2027; x_wconf 73' lang='lat' dir='ltr'>Iesus</span> <span class='ocrx_word' id='word_1_195' title='bbox 572 1997 683 2026; x_wconf 85' lang='lat' dir='ltr'>noster</span> <span class='ocrx_word' id='word_1_196' title='bbox 706 1994 818 2029; x_wconf 78' lang='lat' dir='ltr'>frater.</span> 
     </span>
    </p>
   </div>
   <div class='ocr_carea' id='block_1_17' title="bbox 204 2071 823 2256">
    <p class='ocr_par' dir='ltr' id='par_1_17' title="bbox 204 2071 823 2256">
     <span class='ocr_line' id='line_1_59' title="bbox 204 2071 823 2110; baseline 0.002 -6"><span class='ocrx_word' id='word_1_197' title='bbox 204 2072 283 2105; x_wconf 83' lang='lat'>531.</span> <span class='ocrx_word' id='word_1_198' title='bbox 303 2073 420 2105; x_wconf 81' lang='lat' dir='ltr'>Frater</span> <span class='ocrx_word' id='word_1_199' title='bbox 445 2073 554 2103; x_wconf 83' lang='lat' dir='ltr'>noster</span> <span class='ocrx_word' id='word_1_200' title='bbox 577 2080 636 2110; x_wconf 81' lang='lat' dir='ltr'>per</span> <span class='ocrx_word' id='word_1_201' title='bbox 660 2076 693 2104; x_wconf 85' lang='lat' dir='ltr'>te</span> <span class='ocrx_word' id='word_1_202' title='bbox 717 2071 823 2106; x_wconf 82' lang='lat' dir='ltr'>factus</span> 
     </span>
     <span class='ocr_line' id='line_1_60' title="bbox 301 2119 821 2162; baseline 0.004 -10"><span class='ocrx_word' id='word_1_203' title='bbox 301 2120 391 2153; x_wconf 74' lang='lat' dir='ltr'>Iesus</span> <span class='ocrx_word' id='word_1_204' title='bbox 419 2119 575 2158; x_wconf 80' lang='lat' dir='ltr'>Christus,</span> <span class='ocrx_word' id='word_1_205' title='bbox 601 2120 689 2152; x_wconf 83' lang='lat' dir='ltr'>Deus</span> <span class='ocrx_word' id='word_1_206' title='bbox 717 2120 821 2162; x_wconf 88' lang='lat' dir='ltr'>homo,</span> 
     </span>
     <span class='ocr_line' id='line_1_61' title="bbox 300 2168 787 2213; baseline 0 -13"><span class='ocrx_word' id='word_1_207' title='bbox 300 2169 363 2201; x_wconf 90' lang='lat' dir='ltr'>Per</span> <span class='ocrx_word' id='word_1_208' title='bbox 390 2170 422 2200; x_wconf 87' lang='lat' dir='ltr'>te</span> <span class='ocrx_word' id='word_1_209' title='bbox 447 2168 559 2200; x_wconf 88' lang='lat' dir='ltr'>mortis</span> <span class='ocrx_word' id='word_1_210' title='bbox 584 2168 664 2200; x_wconf 81' lang='lat' dir='ltr'>rasit</span> <span class='ocrx_word' id='word_1_211' title='bbox 688 2173 787 2213; x_wconf 83' lang='lat' dir='ltr'>actus,</span> 
     </span>
     <span class='ocr_line' id='line_1_62' title="bbox 299 2216 795 2256; baseline 0.006 -8"><span class='ocrx_word' id='word_1_212' title='bbox 299 2219 384 2256; x_wconf 63' lang='lat' dir='ltr'>Quos</span> <span class='ocrx_word' id='word_1_213' title='bbox 410 2217 516 2249; x_wconf 82' lang='lat' dir='ltr'>Adam</span> <span class='ocrx_word' id='word_1_214' title='bbox 543 2217 607 2256; x_wconf 84' lang='lat' dir='ltr'>egit</span> <span class='ocrx_word' id='word_1_215' title='bbox 630 2216 664 2249; x_wconf 88' lang='lat' dir='ltr'>in</span> <span class='ocrx_word' id='word_1_216' title='bbox 689 2226 795 2256; x_wconf 89' lang='lat' dir='ltr'>pomo.</span> 
     </span>
    </p>
   </div>
   <div class='ocr_carea' id='block_1_18' title="bbox 203 2293 764 2481">
    <p class='ocr_par' dir='ltr' id='par_1_18' title="bbox 203 2293 764 2481">
     <span class='ocr_line' id='line_1_63' title="bbox 203 2293 675 2334; baseline -0.002 -7"><span class='ocrx_word' id='word_1_217' title='bbox 203 2295 397 2328; x_wconf 84' lang='lat' dir='ltr'>532.Pom0</span> <span class='ocrx_word' id='word_1_218' title='bbox 424 2293 523 2326; x_wconf 84' lang='lat' dir='ltr'>vetito</span> <span class='ocrx_word' id='word_1_219' title='bbox 549 2296 675 2334; x_wconf 80' lang='lat' dir='ltr'>gustato</span> 
     </span>
     <span class='ocr_line' id='line_1_64' title="bbox 297 2341 764 2384; baseline 0.002 -10"><span class='ocrx_word' id='word_1_220' title='bbox 297 2342 354 2375; x_wconf 81' lang='lat' dir='ltr'>Fit</span> <span class='ocrx_word' id='word_1_221' title='bbox 379 2343 474 2375; x_wconf 87' lang='lat' dir='ltr'>homo</span> <span class='ocrx_word' id='word_1_222' title='bbox 498 2351 610 2375; x_wconf 83' lang='lat' dir='ltr'>servus</span> <span class='ocrx_word' id='word_1_223' title='bbox 634 2341 764 2384; x_wconf 77' lang='lat' dir='ltr'>inferni,</span> 
     </span>
     <span class='ocr_line' id='line_1_65' title="bbox 302 2390 721 2423; baseline 0 0"><span class='ocrx_word' id='word_1_224' title='bbox 302 2391 366 2423; x_wconf 88' lang='lat' dir='ltr'>Sed</span> <span class='ocrx_word' id='word_1_225' title='bbox 393 2390 501 2423; x_wconf 73' lang='lat' dir='ltr'>fructu</span> <span class='ocrx_word' id='word_1_226' title='bbox 525 2394 579 2423; x_wconf 92' lang='lat' dir='ltr'>tuo</span> <span class='ocrx_word' id='word_1_227' title='bbox 606 2391 721 2423; x_wconf 82' lang='lat' dir='ltr'>collato</span> 
     </span>
     <span class='ocr_line' id='line_1_66' title="bbox 297 2439 737 2481; baseline 0 -8"><span class='ocrx_word' id='word_1_228' title='bbox 297 2440 402 2473; x_wconf 88' lang='lat' dir='ltr'>Heres</span> <span class='ocrx_word' id='word_1_229' title='bbox 427 2441 517 2481; x_wconf 84' lang='lat' dir='ltr'>regni</span> <span class='ocrx_word' id='word_1_230' title='bbox 542 2439 579 2472; x_wconf 77' lang='lat' dir='ltr'>fit</span> <span class='ocrx_word' id='word_1_231' title='bbox 604 2440 737 2473; x_wconf 80' lang='lat' dir='ltr'>aeterni.</span> 
     </span>
    </p>
   </div>
   <div class='ocr_carea' id='block_1_19' title="bbox 898 1854 1444 2045">
    <p class='ocr_par' dir='ltr' id='par_1_19' title="bbox 898 1854 1444 2045">
     <span class='ocr_line' id='line_1_67' title="bbox 898 1854 1408 1901; baseline 0.014 -16"><span class='ocrx_word' id='word_1_232' title='bbox 898 1854 975 1887; x_wconf 84' lang='lat'>533.</span> <span class='ocrx_word' id='word_1_233' title='bbox 991 1854 1124 1888; x_wconf 81' lang='lat' dir='ltr'>Aeterni</span> <span class='ocrx_word' id='word_1_234' title='bbox 1150 1859 1260 1897; x_wconf 80' lang='lat' dir='ltr'>portas</span> <span class='ocrx_word' id='word_1_235' title='bbox 1287 1859 1408 1901; x_wconf 80' lang='lat' dir='ltr'>gaudii,</span> 
     </span>
     <span class='ocr_line' id='line_1_68' title="bbox 990 1902 1387 1947; baseline 0.015 -13"><span class='ocrx_word' id='word_1_236' title='bbox 990 1902 1107 1944; x_wconf 83' lang='lat' dir='ltr'>Maria,</span> <span class='ocrx_word' id='word_1_237' title='bbox 1134 1905 1244 1938; x_wconf 85' lang='lat' dir='ltr'>multis</span> <span class='ocrx_word' id='word_1_238' title='bbox 1270 1908 1387 1947; x_wconf 80' lang='lat' dir='ltr'>aperiS,</span> 
     </span>
     <span class='ocr_line' id='line_1_69' title="bbox 990 1951 1319 1987; baseline 0.015 -4"><span class='ocrx_word' id='word_1_239' title='bbox 990 1951 1026 1983; x_wconf 86' lang='lat' dir='ltr'>In</span> <span class='ocrx_word' id='word_1_240' title='bbox 1051 1953 1147 1984; x_wconf 87' lang='lat' dir='ltr'>terris</span> <span class='ocrx_word' id='word_1_241' title='bbox 1173 1953 1234 1986; x_wconf 90' lang='lat' dir='ltr'>Dei</span> <span class='ocrx_word' id='word_1_242' title='bbox 1258 1954 1319 1987; x_wconf 87' lang='lat' dir='ltr'>filii</span> 
     </span>
     <span class='ocr_line' id='line_1_70' title="bbox 990 1999 1444 2045; baseline 0.02 -14"><span class='ocrx_word' id='word_1_243' title='bbox 990 1999 1083 2032; x_wconf 77' lang='lat' dir='ltr'>vices</span> <span class='ocrx_word' id='word_1_244' title='bbox 1109 2010 1222 2042; x_wconf 85' lang='lat' dir='ltr'>gerens</span> <span class='ocrx_word' id='word_1_245' title='bbox 1250 2007 1280 2035; x_wconf 86' lang='lat' dir='ltr'>et</span> <span class='ocrx_word' id='word_1_246' title='bbox 1306 2006 1444 2045; x_wconf 76' lang='lat' dir='ltr'>superis.</span> 
     </span>
    </p>
   </div>
   <div class='ocr_carea' id='block_1_20' title="bbox 895 2076 1528 2270">
    <p class='ocr_par' dir='ltr' id='par_1_20' title="bbox 895 2076 1528 2270">
     <span class='ocr_line' id='line_1_71' title="bbox 895 2076 1429 2122; baseline 0.019 -15"><span class='ocrx_word' id='word_1_247' title='bbox 895 2076 974 2110; x_wconf 79' lang='lat'>534.</span> <span class='ocrx_word' id='word_1_248' title='bbox 989 2076 1120 2119; x_wconf 85' lang='lat' dir='ltr'>Superis</span> <span class='ocrx_word' id='word_1_249' title='bbox 1146 2083 1259 2122; x_wconf 81' lang='lat' dir='ltr'>raptus</span> <span class='ocrx_word' id='word_1_250' title='bbox 1281 2083 1429 2117; x_wconf 87' lang='lat' dir='ltr'>minister</span> 
     </span>
     <span class='ocr_line' id='line_1_72' title="bbox 988 2126 1399 2167; baseline 0.022 -10"><span class='ocrx_word' id='word_1_251' title='bbox 988 2126 1045 2158; x_wconf 80' lang='lat' dir='ltr'>Sui</span> <span class='ocrx_word' id='word_1_252' title='bbox 1070 2129 1229 2167; x_wconf 79' lang='lat' dir='ltr'>praesulis</span> <span class='ocrx_word' id='word_1_253' title='bbox 1254 2131 1287 2162; x_wconf 87' lang='lat' dir='ltr'>in</span> <span class='ocrx_word' id='word_1_254' title='bbox 1316 2131 1399 2166; x_wconf 81' lang='lat' dir='ltr'>festo</span> 
     </span>
     <span class='ocr_line' id='line_1_73' title="bbox 987 2173 1528 2224; baseline 0.024 -19"><span class='ocrx_word' id='word_1_255' title='bbox 987 2173 1086 2215; x_wconf 83' lang='lat' dir='ltr'>Vidit,</span> <span class='ocrx_word' id='word_1_256' title='bbox 1105 2186 1200 2217; x_wconf 85' lang='lat' dir='ltr'>quam</span> <span class='ocrx_word' id='word_1_257' title='bbox 1219 2188 1360 2213; x_wconf 81' lang='lat' dir='ltr'>summus</span> <span class='ocrx_word' id='word_1_258' title='bbox 1373 2184 1528 2224; x_wconf 79' lang='lat' dir='ltr'>magister</span> 
     </span>
     <span class='ocr_line' id='line_1_74' title="bbox 986 2221 1469 2270; baseline 0.023 -16"><span class='ocrx_word' id='word_1_259' title='bbox 986 2221 1036 2255; x_wconf 84' lang='lat' dir='ltr'>Sit</span> <span class='ocrx_word' id='word_1_260' title='bbox 1061 2225 1211 2264; x_wconf 83' lang='lat' dir='ltr'>precibus</span> <span class='ocrx_word' id='word_1_261' title='bbox 1235 2228 1300 2260; x_wconf 81' lang='lat' dir='ltr'>tuis</span> <span class='ocrx_word' id='word_1_262' title='bbox 1326 2234 1469 2270; x_wconf 73' lang='lat' dir='ltr'>praesto.</span> 
     </span>
    </p>
   </div>
   <div class='ocr_carea' id='block_1_21' title="bbox 893 2299 1523 2486">
    <p class='ocr_par' dir='ltr' id='par_1_21' title="bbox 893 2299 1523 2486">
     <span class='ocr_line' id='line_1_75' title="bbox 893 2299 1523 2350; baseline 0.021 -19"><span class='ocrx_word' id='word_1_263' title='bbox 893 2299 972 2333; x_wconf 82' lang='lat'>535.</span> <span class='ocrx_word' id='word_1_264' title='bbox 987 2300 1122 2335; x_wconf 83' lang='lat' dir='ltr'>Praesto</span> <span class='ocrx_word' id='word_1_265' title='bbox 1140 2305 1275 2348; x_wconf 80' lang='lat' dir='ltr'>magnis,</span> <span class='ocrx_word' id='word_1_266' title='bbox 1293 2316 1359 2340; x_wconf 83' lang='lat' dir='ltr'>non</span> <span class='ocrx_word' id='word_1_267' title='bbox 1376 2311 1523 2350; x_wconf 84' lang='lat' dir='ltr'>parvulis</span> 
     </span>
     <span class='ocr_line' id='line_1_76' title="bbox 985 2349 1402 2395; baseline 0.019 -14"><span class='ocrx_word' id='word_1_268' title='bbox 985 2349 1244 2386; x_wconf 81' lang='lat' dir='ltr'>Archidiaconus</span> <span class='ocrx_word' id='word_1_269' title='bbox 1271 2356 1402 2395; x_wconf 85' lang='lat' dir='ltr'>quidam</span> 
     </span>
     <span class='ocr_line' id='line_1_77' title="bbox 987 2397 1369 2441; baseline 0.018 -12"><span class='ocrx_word' id='word_1_270' title='bbox 987 2397 1049 2430; x_wconf 88' lang='lat' dir='ltr'>Tui</span> <span class='ocrx_word' id='word_1_271' title='bbox 1075 2400 1184 2433; x_wconf 87' lang='lat' dir='ltr'>devoti</span> <span class='ocrx_word' id='word_1_272' title='bbox 1206 2404 1369 2441; x_wconf 69' lang='lat' dir='ltr'>praesulis</span> 
     </span>
     <span class='ocr_line' id='line_1_78' title="bbox 987 2445 1397 2486; baseline 0.02 -8"><span class='ocrx_word' id='word_1_273' title='bbox 987 2445 1064 2479; x_wconf 83' lang='lat' dir='ltr'>Sese</span> <span class='ocrx_word' id='word_1_274' title='bbox 1090 2447 1169 2481; x_wconf 81' lang='lat' dir='ltr'>fecit</span> <span class='ocrx_word' id='word_1_275' title='bbox 1191 2449 1397 2486; x_wconf 77' lang='lat' dir='ltr'>homicidam.</span> 
     </span>
    </p>
   </div>
  </div>
 </body>
</html>
