1655 2726
743 102 957 138 -7-

274 193 391 231 Unter
425 196 494 232 den
526 196 603 234 hier
634 200 869 244 mitgeteilten
901 200 1074 238 Rosarien
1107 201 1271 239 befinden
1305 205 1378 241 sich
1412 206 1510 249 zwei,

177 251 238 287 Nr.
265 252 299 288 X
328 254 400 289 und
426 253 494 297 XI,
530 256 661 293 welche
687 258 756 293 den
780 258 1044 302 gewohnlichen
1070 259 1227 305 Umfang
1251 261 1314 297 der
1338 262 1509 299 Rosarien

176 308 409 347 betrachtlich
444 313 730 359 iiberschreiten,
764 317 835 352 und
871 327 965 352 zwar
998 317 1162 354 letzteres
1193 329 1254 354 um
1287 320 1345 355 die
1379 320 1510 366 Halfte,

175 368 344 461 walllirend
380 372 532 407 ersteres
565 374 631 409 mit
657 373 726 408 170
752 373 928 420 Strophen
957 384 1061 419 sogar
1087 376 1145 412 die
1167 375 1365 415 Psalterien
1390 378 1509 415 hinter

175 426 226 461 316
275 425 368 462 lasst.

272 483 464 522 Vielleicht
488 487 537 523 ist
554 490 641 525 auch
662 490 724 526 der
741 490 932 534 bekannte,
957 489 1139 528 f'alschlieh
1159 493 1238 528 dem
1255 493 1304 529 hl.
1323 493 1508 531 Bernhard

173 542 471 587 zugeschriebene
495 545 635 583 Jubilus
660 548 809 584 Dulcis
834 548 931 584 Iesu
954 550 1159 585 memoria
1183 560 1228 585 zu
1253 551 1323 586 den
1334 551 1506 588 Rosarien

171 612 215 636 zu
237 601 403 638 rechnen.
441 603 507 639 Bei
525 605 698 642 Mabillon
715 606 812 641 zahlt
829 606 989 643 derselbe
1007 607 1043 642 in
1062 607 1126 643 der
1143 607 1236 643 That
1253 609 1299 644 50
1317 608 1505 655 Strophen,

170 669 241 695 von
275 659 389 696 denen
423 661 525 698 indes
558 664 663 699 eine
699 663 898 700 ersichtlich
929 664 1061 700 unecht
1093 666 1150 701 ist.
1209 664 1250 700 In
1285 667 1354 702 den
1384 667 1506 704 I-Iand-

169 717 339 753 schriften
365 720 551 756 schwankt
576 721 636 757 die
659 721 795 757 Anzahl
822 724 885 759 der
907 721 1083 768 Strophen
1108 725 1213 759 unter
1238 725 1310 760 und
1335 725 1424 761 uber
1450 726 1506 761 die

168 775 408 813 Normalzahl.
461 778 516 813 Da
552 778 609 815 die
635 779 748 815 Sache
776 780 868 817 noch
892 779 1105 817 zweifelhaft
1130 782 1282 828 scheint‚
1319 783 1367 818 ist
1392 783 1505 819 davon

168 835 369 879 abgesehen
395 837 549 880 worden,
577 836 645 873 den
665 837 756 873 Text
781 839 888 875 3611011
913 839 990 874 hier
1016 838 1284 876 aufzunehmen.

263 893 362 929 Weit
394 895 590 931 verbreitet
622 906 697 931 war
730 896 787 931 ein
810 897 848 931 in
872 896 1081 942 Reimprosa
1106 896 1317 942 abgefal'stes
1342 899 1414 935 und
1441 910 1503 936 aus

167 953 300 989 diesem
325 951 472 988 Grunde
505 953 583 988 hier
615 954 883 998 ubergangenes
908 954 1115 998 Rosarium,
1152 956 1214 991 das
1248 957 1321 992 sich
1345 968 1381 992 u.
1408 967 1438 992 a.
1465 957 1500 993 in

168 1011 236 1047 den
261 1010 481 1047 Munchener
505 1010 586 1047 Hss.
615 1010 685 1046 695
710 1011 784 1047 und
812 1011 937 1047 11922
962 1010 1083 1049 findet.
1134 1014 1184 1049 Es
1209 1014 1373 1059 beginnt:

340 1085 434 1123 Quem
456 1087 620 1126 concepisti
642 1088 679 1118 de
700 1088 809 1126 spiritu
830 1091 933 1118 sancto
954 1097 1015 1118 non
1035 1098 1090 1127 per
1111 1093 1208 1119 carnis
1234 1099 1334 1129 opera,

337 1135 407 1173 Ipse
427 1145 483 1167 nos
503 1135 644 1166 fecundet
662 1137 779 1167 timoris
800 1137 847 1167 sui
867 1137 972 1175 gratia.

342 1204 406 1241 Quo
428 1208 573 1243 concepto
595 1204 757 1235 ascendisti
777 1204 816 1235 ad
836 1208 985 1242 montana,

336 1252 407 1290 Ipse
427 1262 483 1283 nos
506 1252 662 1291 despicere
682 1252 774 1282 faciat
794 1256 902 1283 cuncta
921 1260 1007 1282 vana.

337 1319 431 1357 Quem
451 1321 581 1360 genuisti
601 1322 667 1353 sine
688 1321 792 1352 dolore
813 1330 969 1360 puerpera,

335 1368 405 1406 Ipse
427 1370 540 1400 oriatur
561 1371 649 1401 nobis
670 1369 716 1400 sol
735 1369 867 1400 iustitiae
886 1371 919 1399 in
940 1370 1055 1407 gratiae
1076 1373 1105 1400 et
1126 1370 1210 1408 pacis
1229 1370 1420 1401 abundantia.

337 1437 395 1474 Qui
414 1438 446 1467 in
467 1437 658 1475 praesepium
678 1436 735 1467 fuit
754 1445 809 1475 per
830 1441 859 1467 te
878 1437 1050 1474 reclinatus,

334 1486 405 1524 Ipse
425 1488 545 1516 maneat
565 1486 597 1515 111
618 1486 757 1516 cordibus
777 1486 888 1517 nostris
910 1494 1028 1524 semper
1049 1486 1235 1516 desideratus
1258 1490 1287 1517 et
1306 1490 1436 1524 optatus.

257 1547 326 1582 Die
349 1547 473 1582 zweite
499 1546 562 1581 der
586 1546 716 1583 beiden
742 1546 947 1582 erwahnten
970 1544 1121 1588 Quellen
1145 1544 1243 1582 weiss
1268 1556 1338 1582 von
1364 1546 1496 1582 diesem

159 1606 349 1642 Rosarium
371 1604 534 1648 folgende
559 1604 727 1649 Legende
751 1614 797 1639 zu
822 1604 1005 1640 erz'ahlen:

262 1664 451 1706 „Rosarius
477 1664 604 1700 beatae
621 1664 757 1700 Mariae
782 1663 928 1709 virginis
953 1673 1017 1709 per
1036 1664 1213 1709 quendam
1230 1663 1496 1700 devotissimum

159 1722 447 1759 Carthusiensem
482 1723 702 1767 compilatus.
760 1720 872 1764 Quem
907 1722 1120 1767 quicumque
1158 1723 1332 1758 rosarium
1367 1722 1495 1757 devote

159 1782 289 1818 dixerit
319 1783 426 1827 atque
453 1780 730 1825 continuaverit,
769 1780 963 1816 notabilem
988 1780 1083 1816 vitae
1109 1790 1195 1815 suae
1220 1781 1352 1816 sentiet
1377 1789 1494 1816 emen-

159 1841 338 1877 dationem
366 1842 473 1886 atque
497 1837 714 1885 profectum,
741 1838 833 1874 sicut
857 1839 924 1874 hoc
949 1838 1042 1874 clare
1068 1841 1168 1885 patet
1192 1839 1228 1874 in
1255 1839 1409 1885 quodam
1436 1838 1494 1874 de-

157 1899 339 1936 votissimo
367 1898 628 1944 Garthusiensi‚
670 1898 714 1934 de
747 1907 816 1943 quo
852 1898 902 1933 316
935 1897 1084 1941 legitur:
1123 1897 1213 1933 Erat
1237 1898 1381 1943 quidam
1408 1895 1489 1932 Gar—

156 1957 359 2000 thusiensis,
382 1958 509 1994 beatae
526 1956 662 1993 Mariae
688 1955 816 2000 virgini
842 1955 987 1991 sedulus
1013 1965 1053 1992 ac
1071 1955 1328 1998 devotissimus,
1354 1956 1391 1990 in
1409 1954 1493 1990 Car-

155 2016 275 2053 thusia
299 2015 522 2058 Trevirensi,
549 2015 611 2060 qui
635 2024 674 2050 se
698 2015 736 2050 in
762 2014 887 2050 eodem
914 2014 1048 2050 rosario
1075 2023 1241 2049 exercere
1267 2013 1493 2049 devotissime

156 2075 350 2113 consuevit.
400 2075 469 2111 Hic
503 2075 655 2119 quodam
679 2076 841 2119 tempore
865 2075 989 2119 raptus
1012 2071 1080 2108 fuit
1104 2073 1142 2108 in
1167 2072 1293 2118 spiritu
1319 2074 1356 2107 et
1379 2081 1493 2116 usque

156 2135 199 2170 ad
234 2143 439 2180 empyreum
475 2133 611 2169 caelum
646 2132 837 2175 deductus,
874 2131 936 2168 ubi
970 2133 1007 2166 et
1039 2131 1152 2167 multa
1183 2140 1313 2166 arcana
1342 2130 1431 2166 vidit
1457 2133 1492 2166 et

155 2193 300 2238 audivit,
328 2202 420 2237 quae
445 2201 517 2228 non
541 2191 626 2227 licet
650 2190 785 2227 homini
809 2191 918 2237 loqui.
957 2189 1058 2225 Vidit
1082 2190 1190 2225 etiam
1206 2199 1270 2234 pro
1294 2191 1379 2225 tunc
1394 2189 1490 2226 idem

156 2251 434 2291 Carthusiensis‚
483 2248 578 2295 quod
619 2249 715 2285 idem
756 2249 913 2284 rosarius
949 2247 1244 2293 praesentabatur
1287 2248 1489 2293 conspectui

155 2310 334 2355 altissimi,
371 2311 408 2345 et
441 2308 593 2354 qualiter
626 2308 733 2343 beata
765 2306 865 2351 virgo
890 2306 1007 2342 Maria
1038 2307 1075 2340 et
1108 2314 1229 2340 omnes
1263 2305 1380 2350 angeli
1410 2315 1489 2342 cum

155 2369 318 2406 omnibus
351 2368 482 2405 sanctis
505 2367 582 2403 Deo
609 2366 743 2411 gratias
770 2367 920 2410 egerunt
945 2366 982 2399 et
1007 2363 1120 2400 Deum
1145 2364 1400 2401 instantissime
1424 2375 1488 2410 pro

154 2428 316 2465 omnibus
350 2425 553 2465 huiusmodi
586 2425 759 2462 rosarium
787 2424 914 2460 devote
937 2423 1133 2459 dicentibus
1159 2423 1487 2469 interpellaverunt,
