<?xml version="1.0" encoding="UTF-8"?>
<!DOCTYPE html PUBLIC "-//W3C//DTD XHTML 1.0 Transitional//EN"
    "http://www.w3.org/TR/xhtml1/DTD/xhtml1-transitional.dtd">
<html xmlns="http://www.w3.org/1999/xhtml" xml:lang="en" lang="en">
 <head>
  <title>
</title>
<meta http-equiv="Content-Type" content="text/html;charset=utf-8" />
  <meta name='ocr-system' content='tesseract 3.04.00' />
  <meta name='ocr-capabilities' content='ocr_page ocr_carea ocr_par ocr_line ocrx_word'/>
</head>
<body>
  <div class='ocr_page' id='page_1' title='image "./analectahymnica36drevuoft_00245.png"; bbox 0 0 1655 2726; ppageno 0'>
   <div class='ocr_carea' id='block_1_1' title="bbox 277 224 309 258">
    <p class='ocr_par' dir='ltr' id='par_1_1' title="bbox 277 224 309 258">
     <span class='ocr_line' id='line_1_1' title="bbox 277 224 309 258; baseline 0.063 -2"><span class='ocrx_word' id='word_1_1' title='bbox 277 224 309 258; x_wconf 85' lang='lat'>9.</span> 
     </span>
    </p>
   </div>
   <div class='ocr_carea' id='block_1_2' title="bbox 252 739 307 773">
    <p class='ocr_par' dir='ltr' id='par_1_2' title="bbox 252 739 307 773">
     <span class='ocr_line' id='line_1_2' title="bbox 252 739 307 773; baseline 0.018 -1"><span class='ocrx_word' id='word_1_2' title='bbox 252 739 307 773; x_wconf 88' lang='lat'>11.</span> 
     </span>
    </p>
   </div>
   <div class='ocr_carea' id='block_1_3' title="bbox 250 1180 306 1215">
    <p class='ocr_par' dir='ltr' id='par_1_3' title="bbox 250 1180 306 1215">
     <span class='ocr_line' id='line_1_3' title="bbox 250 1180 306 1215; baseline 0.036 -2"><span class='ocrx_word' id='word_1_3' title='bbox 250 1180 306 1215; x_wconf 83' lang='lat'>12.</span> 
     </span>
    </p>
   </div>
   <div class='ocr_carea' id='block_1_4' title="bbox 250 1624 304 1657">
    <p class='ocr_par' dir='ltr' id='par_1_4' title="bbox 250 1624 304 1657">
     <span class='ocr_line' id='line_1_4' title="bbox 250 1624 304 1657; baseline 0 -1"><span class='ocrx_word' id='word_1_4' title='bbox 250 1624 304 1657; x_wconf 62' lang='lat'>1¹0:</span> 
     </span>
    </p>
   </div>
   <div class='ocr_carea' id='block_1_5' title="bbox 251 2067 306 2102">
    <p class='ocr_par' dir='ltr' id='par_1_5' title="bbox 251 2067 306 2102">
     <span class='ocr_line' id='line_1_5' title="bbox 251 2067 306 2102; baseline 0.055 -3"><span class='ocrx_word' id='word_1_5' title='bbox 251 2067 306 2102; x_wconf 83' lang='lat'>14.</span> 
     </span>
    </p>
   </div>
   <div class='ocr_carea' id='block_1_6' title="bbox 335 225 689 639">
    <p class='ocr_par' dir='ltr' id='par_1_6' title="bbox 335 225 689 639">
     <span class='ocr_line' id='line_1_6' title="bbox 335 225 621 266; baseline -0.01 -10"><span class='ocrx_word' id='word_1_6' title='bbox 335 225 417 266; x_wconf 83' lang='lat' dir='ltr'>Ave,</span> <span class='ocrx_word' id='word_1_7' title='bbox 443 231 503 263; x_wconf 87' lang='lat' dir='ltr'>per</span> <span class='ocrx_word' id='word_1_8' title='bbox 528 231 621 263; x_wconf 85' lang='lat' dir='ltr'>quam</span> 
     </span>
     <span class='ocr_line' id='line_1_7' title="bbox 382 269 666 302; baseline -0.004 0"><span class='ocrx_word' id='word_1_9' title='bbox 382 269 420 302; x_wconf 82' lang='lat' dir='ltr'>fit</span> <span class='ocrx_word' id='word_1_10' title='bbox 444 270 513 302; x_wconf 88' lang='lat' dir='ltr'>Deo</span> <span class='ocrx_word' id='word_1_11' title='bbox 536 270 666 302; x_wconf 87' lang='lat' dir='ltr'>subdita</span> 
     </span>
     <span class='ocr_line' id='line_1_8' title="bbox 336 319 580 351; baseline -0.004 0"><span class='ocrx_word' id='word_1_12' title='bbox 336 319 422 351; x_wconf 84' lang='lat' dir='ltr'>Gens</span> <span class='ocrx_word' id='word_1_13' title='bbox 450 320 580 350; x_wconf 88' lang='lat' dir='ltr'>aeterno</span> 
     </span>
     <span class='ocr_line' id='line_1_9' title="bbox 382 365 687 407; baseline 0.003 -9"><span class='ocrx_word' id='word_1_14' title='bbox 382 368 540 398; x_wconf 85' lang='lat' dir='ltr'>tormento</span> <span class='ocrx_word' id='word_1_15' title='bbox 568 365 687 407; x_wconf 82' lang='lat' dir='ltr'>dedita,</span> 
     </span>
     <span class='ocr_line' id='line_1_10' title="bbox 335 415 590 454; baseline -0.008 -7"><span class='ocrx_word' id='word_1_16' title='bbox 335 415 398 447; x_wconf 86' lang='lat' dir='ltr'>Per</span> <span class='ocrx_word' id='word_1_17' title='bbox 423 417 456 445; x_wconf 90' lang='lat' dir='ltr'>te</span> <span class='ocrx_word' id='word_1_18' title='bbox 481 416 590 454; x_wconf 87' lang='lat' dir='ltr'>gentes</span> 
     </span>
     <span class='ocr_line' id='line_1_11' title="bbox 383 460 689 502; baseline 0.003 -9"><span class='ocrx_word' id='word_1_19' title='bbox 383 461 520 495; x_wconf 85' lang='lat' dir='ltr'>salvavit</span> <span class='ocrx_word' id='word_1_20' title='bbox 542 460 689 502; x_wconf 87' lang='lat' dir='ltr'>perditas</span> 
     </span>
     <span class='ocr_line' id='line_1_12' title="bbox 336 509 486 542; baseline 0 0"><span class='ocrx_word' id='word_1_21' title='bbox 336 509 486 542; x_wconf 84' lang='lat' dir='ltr'>Calceata</span> 
     </span>
     <span class='ocr_line' id='line_1_13' title="bbox 383 557 668 596; baseline -0.007 -6"><span class='ocrx_word' id='word_1_22' title='bbox 383 566 480 590; x_wconf 83' lang='lat' dir='ltr'>carne</span> <span class='ocrx_word' id='word_1_23' title='bbox 506 557 668 596; x_wconf 82' lang='lat' dir='ltr'>divinitas,</span> 
     </span>
     <span class='ocr_line' id='line_1_14' title="bbox 427 605 663 639; baseline 0 0"><span class='ocrx_word' id='word_1_24' title='bbox 427 606 496 639; x_wconf 81' lang='lat' dir='ltr'>Vas</span> <span class='ocrx_word' id='word_1_25' title='bbox 523 605 663 639; x_wconf 83' lang='lat' dir='ltr'>deitatis.</span> 
     </span>
    </p>
   </div>
   <div class='ocr_carea' id='block_1_7' title="bbox 333 741 693 1068">
    <p class='ocr_par' dir='ltr' id='par_1_7' title="bbox 333 741 693 1068">
     <span class='ocr_line' id='line_1_15' title="bbox 333 741 620 780; baseline 0 -9"><span class='ocrx_word' id='word_1_26' title='bbox 333 741 415 780; x_wconf 89' lang='lat' dir='ltr'>Ave,</span> <span class='ocrx_word' id='word_1_27' title='bbox 441 748 500 780; x_wconf 89' lang='lat' dir='ltr'>per</span> <span class='ocrx_word' id='word_1_28' title='bbox 526 748 620 780; x_wconf 85' lang='lat' dir='ltr'>quam</span> 
     </span>
     <span class='ocr_line' id='line_1_16' title="bbox 380 787 678 827; baseline 0 -8"><span class='ocrx_word' id='word_1_29' title='bbox 380 787 504 820; x_wconf 77' lang='lat' dir='ltr'>invenit</span> <span class='ocrx_word' id='word_1_30' title='bbox 528 788 678 827; x_wconf 87' lang='lat' dir='ltr'>pretium,</span> 
     </span>
     <span class='ocr_line' id='line_1_17' title="bbox 335 835 558 875; baseline 0 -8"><span class='ocrx_word' id='word_1_31' title='bbox 335 835 395 875; x_wconf 73' lang='lat' dir='ltr'>Qui</span> <span class='ocrx_word' id='word_1_32' title='bbox 419 835 558 867; x_wconf 77' lang='lat' dir='ltr'>redemit</span> 
     </span>
     <span class='ocr_line' id='line_1_18' title="bbox 378 884 686 926; baseline 0.003 -11"><span class='ocrx_word' id='word_1_33' title='bbox 378 887 512 923; x_wconf 77' lang='lat' dir='ltr'>peccata</span> <span class='ocrx_word' id='word_1_34' title='bbox 535 884 686 926; x_wconf 86' lang='lat' dir='ltr'>gentium,</span> 
     </span>
     <span class='ocr_line' id='line_1_19' title="bbox 335 931 577 965; baseline 0 -1"><span class='ocrx_word' id='word_1_35' title='bbox 335 931 413 964; x_wconf 86' lang='lat' dir='ltr'>Cum</span> <span class='ocrx_word' id='word_1_36' title='bbox 439 932 577 965; x_wconf 83' lang='lat' dir='ltr'>Iudaeus</span> 
     </span>
     <span class='ocr_line' id='line_1_20' title="bbox 381 980 693 1022; baseline 0.006 -11"><span class='ocrx_word' id='word_1_37' title='bbox 381 980 416 1012; x_wconf 82' lang='lat' dir='ltr'>id</span> <span class='ocrx_word' id='word_1_38' title='bbox 441 990 461 1012; x_wconf 91' lang='lat' dir='ltr'>a</span> <span class='ocrx_word' id='word_1_39' title='bbox 486 988 520 1011; x_wconf 87' lang='lat' dir='ltr'>se</span> <span class='ocrx_word' id='word_1_40' title='bbox 540 981 693 1022; x_wconf 75' lang='lat' dir='ltr'>reppulit,</span> 
     </span>
     <span class='ocr_line' id='line_1_21' title="bbox 335 1027 587 1068; baseline 0.008 -9"><span class='ocrx_word' id='word_1_41' title='bbox 335 1027 376 1059; x_wconf 85' lang='lat' dir='ltr'>Se</span> <span class='ocrx_word' id='word_1_42' title='bbox 402 1029 587 1068; x_wconf 81' lang='lat' dir='ltr'>redemptor</span> 
     </span>
    </p>
   </div>
   <div class='ocr_carea' id='block_1_8' title="bbox 380 1075 757 1117">
    <p class='ocr_par' dir='ltr' id='par_1_8' title="bbox 380 1075 757 1117">
     <span class='ocr_line' id='line_1_22' title="bbox 380 1075 757 1117; baseline 0.005 -10"><span class='ocrx_word' id='word_1_43' title='bbox 380 1075 421 1108; x_wconf 83' lang='lat' dir='ltr'>ad</span> <span class='ocrx_word' id='word_1_44' title='bbox 447 1079 557 1117; x_wconf 78' lang='lat' dir='ltr'>gentes</span> <span class='ocrx_word' id='word_1_45' title='bbox 583 1078 757 1117; x_wconf 76' lang='lat' dir='ltr'>transtulit,</span> 
     </span>
    </p>
   </div>
   <div class='ocr_carea' id='block_1_9' title="bbox 428 1124 701 1165">
    <p class='ocr_par' dir='ltr' id='par_1_9' title="bbox 428 1124 701 1165">
     <span class='ocr_line' id='line_1_23' title="bbox 428 1124 701 1165; baseline 0.004 -9"><span class='ocrx_word' id='word_1_46' title='bbox 428 1124 518 1156; x_wconf 89' lang='lat' dir='ltr'>Dura</span> <span class='ocrx_word' id='word_1_47' title='bbox 543 1125 701 1165; x_wconf 36' lang='lat' dir='ltr'>malignis,</span> 
     </span>
    </p>
   </div>
   <div class='ocr_carea' id='block_1_10' title="bbox 333 1181 737 1608">
    <p class='ocr_par' dir='ltr' id='par_1_10' title="bbox 333 1181 563 1222">
     <span class='ocr_line' id='line_1_24' title="bbox 333 1181 563 1222; baseline 0 -9"><span class='ocrx_word' id='word_1_48' title='bbox 333 1182 414 1222; x_wconf 92' lang='lat' dir='ltr'>Ave,</span> <span class='ocrx_word' id='word_1_49' title='bbox 443 1181 563 1214; x_wconf 82' lang='lat' dir='ltr'>Christi</span> 
     </span>
    </p>

    <p class='ocr_par' dir='ltr' id='par_1_11' title="bbox 334 1229 729 1318">
     <span class='ocr_line' id='line_1_25' title="bbox 382 1229 729 1270; baseline 0.003 -8"><span class='ocrx_word' id='word_1_50' title='bbox 382 1238 463 1269; x_wconf 83' lang='lat' dir='ltr'>quae</span> <span class='ocrx_word' id='word_1_51' title='bbox 487 1229 559 1262; x_wconf 87' lang='lat' dir='ltr'>sinu</span> <span class='ocrx_word' id='word_1_52' title='bbox 584 1230 729 1270; x_wconf 80' lang='lat' dir='ltr'>recubaS,</span> 
     </span>
     <span class='ocr_line' id='line_1_26' title="bbox 334 1277 606 1318; baseline 0.004 -9"><span class='ocrx_word' id='word_1_53' title='bbox 334 1277 420 1317; x_wconf 79' lang='lat' dir='ltr'>Quae</span> <span class='ocrx_word' id='word_1_54' title='bbox 444 1278 606 1318; x_wconf 83' lang='lat' dir='ltr'>precando</span> 
     </span>
    </p>

    <p class='ocr_par' dir='ltr' id='par_1_12' title="bbox 333 1325 734 1406">
     <span class='ocr_line' id='line_1_27' title="bbox 380 1325 734 1366; baseline 0.003 -9"><span class='ocrx_word' id='word_1_55' title='bbox 380 1335 440 1366; x_wconf 87' lang='lat' dir='ltr'>pro</span> <span class='ocrx_word' id='word_1_56' title='bbox 466 1325 558 1358; x_wconf 90' lang='lat' dir='ltr'>nobis</span> <span class='ocrx_word' id='word_1_57' title='bbox 583 1326 734 1366; x_wconf 77' lang='lat' dir='ltr'>excubas,</span> 
     </span>
     <span class='ocr_line' id='line_1_28' title="bbox 333 1373 551 1406; baseline 0 -1"><span class='ocrx_word' id='word_1_58' title='bbox 333 1374 437 1406; x_wconf 84' lang='lat' dir='ltr'>Deum</span> <span class='ocrx_word' id='word_1_59' title='bbox 464 1373 551 1405; x_wconf 91' lang='lat' dir='ltr'>cuius</span> 
     </span>
    </p>

    <p class='ocr_par' dir='ltr' id='par_1_13' title="bbox 335 1421 626 1502">
     <span class='ocr_line' id='line_1_29' title="bbox 384 1421 626 1462; baseline 0.008 -10"><span class='ocrx_word' id='word_1_60' title='bbox 384 1421 486 1453; x_wconf 69' lang='lat' dir='ltr'>sitivit</span> <span class='ocrx_word' id='word_1_61' title='bbox 510 1422 626 1462; x_wconf 85' lang='lat' dir='ltr'>anima,</span> 
     </span>
     <span class='ocr_line' id='line_1_30' title="bbox 335 1468 516 1502; baseline -0.011 0"><span class='ocrx_word' id='word_1_62' title='bbox 335 1468 417 1502; x_wconf 86' lang='lat' dir='ltr'>Caro</span> <span class='ocrx_word' id='word_1_63' title='bbox 442 1469 516 1501; x_wconf 82' lang='lat' dir='ltr'>tulit</span> 
     </span>
    </p>

    <p class='ocr_par' dir='ltr' id='par_1_14' title="bbox 382 1517 667 1561">
     <span class='ocr_line' id='line_1_31' title="bbox 382 1517 667 1561; baseline 0 -12"><span class='ocrx_word' id='word_1_64' title='bbox 382 1526 491 1549; x_wconf 85' lang='lat' dir='ltr'>amara</span> <span class='ocrx_word' id='word_1_65' title='bbox 517 1517 667 1561; x_wconf 79' lang='lat' dir='ltr'>plurima,</span> 
     </span>
    </p>

    <p class='ocr_par' dir='ltr' id='par_1_15' title="bbox 429 1565 737 1608">
     <span class='ocr_line' id='line_1_32' title="bbox 429 1565 737 1608; baseline 0.013 -11"><span class='ocrx_word' id='word_1_66' title='bbox 429 1565 557 1598; x_wconf 84' lang='lat' dir='ltr'>Blanda</span> <span class='ocrx_word' id='word_1_67' title='bbox 580 1566 737 1608; x_wconf 83' lang='lat' dir='ltr'>benignis.</span> 
     </span>
    </p>
   </div>
   <div class='ocr_carea' id='block_1_11' title="bbox 331 1623 726 2051">
    <p class='ocr_par' dir='ltr' id='par_1_16' title="bbox 331 1623 531 1666">
     <span class='ocr_line' id='line_1_33' title="bbox 331 1623 531 1666; baseline -0.005 -11"><span class='ocrx_word' id='word_1_68' title='bbox 331 1623 413 1666; x_wconf 79' lang='lat' dir='ltr'>Ave,</span> <span class='ocrx_word' id='word_1_69' title='bbox 439 1631 531 1655; x_wconf 84' lang='lat' dir='ltr'>sacro</span> 
     </span>
    </p>

    <p class='ocr_par' dir='ltr' id='par_1_17' title="bbox 332 1669 645 1761">
     <span class='ocr_line' id='line_1_34' title="bbox 383 1669 645 1711; baseline -0.004 -8"><span class='ocrx_word' id='word_1_70' title='bbox 383 1671 489 1704; x_wconf 84' lang='lat' dir='ltr'>dicata</span> <span class='ocrx_word' id='word_1_71' title='bbox 512 1669 645 1711; x_wconf 86' lang='lat' dir='ltr'>flamini,</span> 
     </span>
     <span class='ocr_line' id='line_1_35' title="bbox 332 1719 608 1761; baseline 0 -10"><span class='ocrx_word' id='word_1_72' title='bbox 332 1719 419 1758; x_wconf 76' lang='lat' dir='ltr'>Quae</span> <span class='ocrx_word' id='word_1_73' title='bbox 444 1719 608 1761; x_wconf 86' lang='lat' dir='ltr'>coniungis</span> 
     </span>
    </p>

    <p class='ocr_par' dir='ltr' id='par_1_18' title="bbox 332 1768 717 1857">
     <span class='ocr_line' id='line_1_36' title="bbox 384 1768 717 1809; baseline 0.003 -10"><span class='ocrx_word' id='word_1_74' title='bbox 384 1776 437 1800; x_wconf 87' lang='lat' dir='ltr'>cor</span> <span class='ocrx_word' id='word_1_75' title='bbox 462 1768 559 1800; x_wconf 84' lang='lat' dir='ltr'>altum</span> <span class='ocrx_word' id='word_1_76' title='bbox 589 1768 717 1809; x_wconf 85' lang='lat' dir='ltr'>homini,</span> 
     </span>
     <span class='ocr_line' id='line_1_37' title="bbox 332 1815 592 1857; baseline 0.008 -10"><span class='ocrx_word' id='word_1_77' title='bbox 332 1815 465 1857; x_wconf 87' lang='lat' dir='ltr'>Absque</span> <span class='ocrx_word' id='word_1_78' title='bbox 488 1819 592 1849; x_wconf 80' lang='lat' dir='ltr'>matre</span> 
     </span>
    </p>

    <p class='ocr_par' dir='ltr' id='par_1_19' title="bbox 336 1864 715 1953">
     <span class='ocr_line' id='line_1_38' title="bbox 384 1864 715 1905; baseline 0 -9"><span class='ocrx_word' id='word_1_79' title='bbox 384 1864 424 1896; x_wconf 85' lang='lat' dir='ltr'>de</span> <span class='ocrx_word' id='word_1_80' title='bbox 449 1867 543 1904; x_wconf 86' lang='lat' dir='ltr'>patre</span> <span class='ocrx_word' id='word_1_81' title='bbox 567 1864 715 1905; x_wconf 87' lang='lat' dir='ltr'>proditus</span> 
     </span>
     <span class='ocr_line' id='line_1_39' title="bbox 336 1912 529 1953; baseline -0.005 -8"><span class='ocrx_word' id='word_1_82' title='bbox 336 1912 411 1945; x_wconf 88' lang='lat' dir='ltr'>Sine</span> <span class='ocrx_word' id='word_1_83' title='bbox 436 1915 529 1953; x_wconf 84' lang='lat' dir='ltr'>patre</span> 
     </span>
    </p>

    <p class='ocr_par' dir='ltr' id='par_1_20' title="bbox 382 1959 701 2002">
     <span class='ocr_line' id='line_1_40' title="bbox 382 1959 701 2002; baseline 0.003 -10"><span class='ocrx_word' id='word_1_84' title='bbox 382 1959 418 1993; x_wconf 84' lang='lat' dir='ltr'>fit</span> <span class='ocrx_word' id='word_1_85' title='bbox 444 1962 485 1993; x_wconf 82' lang='lat' dir='ltr'>de</span> <span class='ocrx_word' id='word_1_86' title='bbox 509 1964 541 1994; x_wconf 87' lang='lat' dir='ltr'>te</span> <span class='ocrx_word' id='word_1_87' title='bbox 566 1961 701 2002; x_wconf 84' lang='lat' dir='ltr'>genitus,</span> 
     </span>
    </p>

    <p class='ocr_par' dir='ltr' id='par_1_21' title="bbox 431 2010 726 2051">
     <span class='ocr_line' id='line_1_41' title="bbox 431 2010 726 2051; baseline 0 -10"><span class='ocrx_word' id='word_1_88' title='bbox 431 2010 549 2042; x_wconf 84' lang='lat' dir='ltr'>Sancta</span> <span class='ocrx_word' id='word_1_89' title='bbox 573 2018 726 2051; x_wconf 84' lang='lat' dir='ltr'>propago.</span> 
     </span>
    </p>
   </div>
   <div class='ocr_carea' id='block_1_12' title="bbox 332 2067 721 2494">
    <p class='ocr_par' dir='ltr' id='par_1_22' title="bbox 332 2067 553 2109">
     <span class='ocr_line' id='line_1_42' title="bbox 332 2067 553 2109; baseline 0.005 -11"><span class='ocrx_word' id='word_1_90' title='bbox 332 2067 413 2109; x_wconf 82' lang='lat' dir='ltr'>Ave,</span> <span class='ocrx_word' id='word_1_91' title='bbox 440 2069 553 2108; x_wconf 85' lang='lat' dir='ltr'>mater,</span> 
     </span>
    </p>

    <p class='ocr_par' dir='ltr' id='par_1_23' title="bbox 334 2115 721 2198">
     <span class='ocr_line' id='line_1_43' title="bbox 379 2115 721 2156; baseline -0.006 -8"><span class='ocrx_word' id='word_1_92' title='bbox 379 2124 459 2155; x_wconf 86' lang='lat' dir='ltr'>quae</span> <span class='ocrx_word' id='word_1_93' title='bbox 484 2115 581 2155; x_wconf 87' lang='lat' dir='ltr'>plena</span> <span class='ocrx_word' id='word_1_94' title='bbox 605 2115 721 2156; x_wconf 83' lang='lat' dir='ltr'>gaudio</span> 
     </span>
     <span class='ocr_line' id='line_1_44' title="bbox 334 2163 530 2198; baseline -0.005 -2"><span class='ocrx_word' id='word_1_95' title='bbox 334 2164 372 2196; x_wconf 84' lang='lat'>111</span> <span class='ocrx_word' id='word_1_96' title='bbox 399 2163 530 2198; x_wconf 84' lang='lat' dir='ltr'>caelesti</span> 
     </span>
    </p>

    <p class='ocr_par' dir='ltr' id='par_1_24' title="bbox 334 2212 646 2293">
     <span class='ocr_line' id='line_1_45' title="bbox 380 2212 646 2254; baseline -0.008 -9"><span class='ocrx_word' id='word_1_97' title='bbox 380 2220 528 2245; x_wconf 78' lang='lat' dir='ltr'>coruscas</span> <span class='ocrx_word' id='word_1_98' title='bbox 554 2212 646 2254; x_wconf 81' lang='lat' dir='ltr'>atrio,</span> 
     </span>
     <span class='ocr_line' id='line_1_46' title="bbox 334 2261 596 2293; baseline -0.004 0"><span class='ocrx_word' id='word_1_99' title='bbox 334 2261 419 2293; x_wconf 80' lang='lat' dir='ltr'>Ante</span> <span class='ocrx_word' id='word_1_100' title='bbox 443 2261 596 2293; x_wconf 84' lang='lat' dir='ltr'>mundum</span> 
     </span>
    </p>

    <p class='ocr_par' dir='ltr' id='par_1_25' title="bbox 332 2308 620 2397">
     <span class='ocr_line' id='line_1_47' title="bbox 382 2308 620 2348; baseline 0.004 -8"><span class='ocrx_word' id='word_1_101' title='bbox 382 2309 470 2341; x_wconf 91' lang='lat' dir='ltr'>cuius</span> <span class='ocrx_word' id='word_1_102' title='bbox 496 2308 620 2348; x_wconf 80' lang='lat' dir='ltr'>electio,</span> 
     </span>
     <span class='ocr_line' id='line_1_48' title="bbox 332 2356 570 2397; baseline 0.004 -8"><span class='ocrx_word' id='word_1_103' title='bbox 332 2356 436 2397; x_wconf 85' lang='lat' dir='ltr'>Super</span> <span class='ocrx_word' id='word_1_104' title='bbox 461 2366 570 2390; x_wconf 88' lang='lat' dir='ltr'>omnes</span> 
     </span>
    </p>

    <p class='ocr_par' dir='ltr' id='par_1_26' title="bbox 382 2405 681 2447">
     <span class='ocr_line' id='line_1_49' title="bbox 382 2405 681 2447; baseline 0.003 -10"><span class='ocrx_word' id='word_1_105' title='bbox 382 2406 470 2438; x_wconf 89' lang='lat' dir='ltr'>cuius</span> <span class='ocrx_word' id='word_1_106' title='bbox 495 2405 681 2447; x_wconf 82' lang='lat' dir='ltr'>assumptio,</span> 
     </span>
    </p>

    <p class='ocr_par' dir='ltr' id='par_1_27' title="bbox 427 2453 650 2494">
     <span class='ocr_line' id='line_1_50' title="bbox 427 2453 650 2494; baseline 0.004 -7"><span class='ocrx_word' id='word_1_107' title='bbox 427 2453 525 2487; x_wconf 87' lang='lat' dir='ltr'>Lucis</span> <span class='ocrx_word' id='word_1_108' title='bbox 550 2454 650 2494; x_wconf 77' lang='lat' dir='ltr'>origo.</span> 
     </span>
    </p>
   </div>
   <div class='ocr_carea' id='block_1_13' title="bbox 766 126 1025 161">
    <p class='ocr_par' dir='ltr' id='par_1_28' title="bbox 766 126 1025 161">
     <span class='ocr_line' id='line_1_51' title="bbox 766 126 1025 161; baseline 0.008 -2"><span class='ocrx_word' id='word_1_109' title='bbox 766 126 931 161; x_wconf 76' lang='lat'>——242</span> <span class='ocrx_word' id='word_1_110' title='bbox 982 146 1025 152; x_wconf 87' lang='lat'>—-</span> 
     </span>
    </p>
   </div>
   <div class='ocr_carea' id='block_1_14' title="bbox 877 681 920 715">
    <p class='ocr_par' dir='ltr' id='par_1_29' title="bbox 877 681 920 715">
     <span class='ocr_line' id='line_1_52' title="bbox 877 681 920 715; baseline 0.047 -2"><span class='ocrx_word' id='word_1_111' title='bbox 877 681 920 715; x_wconf 84' lang='grc' dir='ltr'>ΙΙ.</span> 
     </span>
    </p>
   </div>
   <div class='ocr_carea' id='block_1_15' title="bbox 942 224 997 257">
    <p class='ocr_par' dir='ltr' id='par_1_30' title="bbox 942 224 997 257">
     <span class='ocr_line' id='line_1_53' title="bbox 942 224 997 257; baseline -0.018 0"><span class='ocrx_word' id='word_1_112' title='bbox 942 224 997 257; x_wconf 87' lang='grc'>10,</span> 
     </span>
    </p>
   </div>
   <div class='ocr_carea' id='block_1_16' title="bbox 942 739 997 772">
    <p class='ocr_par' dir='ltr' id='par_1_31' title="bbox 942 739 997 772">
     <span class='ocr_line' id='line_1_54' title="bbox 942 739 997 772; baseline -0.018 0"><span class='ocrx_word' id='word_1_113' title='bbox 942 739 997 772; x_wconf 90' lang='grc'>15.</span> 
     </span>
    </p>
   </div>
   <div class='ocr_carea' id='block_1_17' title="bbox 940 1181 994 1214">
    <p class='ocr_par' dir='ltr' id='par_1_32' title="bbox 940 1181 994 1214">
     <span class='ocr_line' id='line_1_55' title="bbox 940 1181 994 1214; baseline 0 0"><span class='ocrx_word' id='word_1_114' title='bbox 940 1181 994 1214; x_wconf 88' lang='grc'>16.</span> 
     </span>
    </p>
   </div>
   <div class='ocr_carea' id='block_1_18' title="bbox 937 1626 992 1657">
    <p class='ocr_par' dir='ltr' id='par_1_33' title="bbox 937 1626 992 1657">
     <span class='ocr_line' id='line_1_56' title="bbox 937 1626 992 1657; baseline 0 0"><span class='ocrx_word' id='word_1_115' title='bbox 937 1626 992 1657; x_wconf 84' lang='grc'>17.</span> 
     </span>
    </p>
   </div>
   <div class='ocr_carea' id='block_1_19' title="bbox 938 2067 994 2100">
    <p class='ocr_par' dir='ltr' id='par_1_34' title="bbox 938 2067 994 2100">
     <span class='ocr_line' id='line_1_57' title="bbox 938 2067 994 2100; baseline -0.018 0"><span class='ocrx_word' id='word_1_116' title='bbox 938 2067 994 2100; x_wconf 88' lang='grc'>18.</span> 
     </span>
    </p>
   </div>
   <div class='ocr_carea' id='block_1_20' title="bbox 1022 222 1414 644">
    <p class='ocr_par' dir='ltr' id='par_1_35' title="bbox 1022 222 1414 644">
     <span class='ocr_line' id='line_1_58' title="bbox 1025 222 1240 263; baseline -0.009 -8"><span class='ocrx_word' id='word_1_117' title='bbox 1025 223 1106 263; x_wconf 86' lang='lat' dir='ltr'>Ave,</span> <span class='ocrx_word' id='word_1_118' title='bbox 1133 222 1240 255; x_wconf 86' lang='lat' dir='ltr'>cordis</span> 
     </span>
     <span class='ocr_line' id='line_1_59' title="bbox 1071 269 1333 310; baseline -0.004 -9"><span class='ocrx_word' id='word_1_119' title='bbox 1071 270 1197 301; x_wconf 85' lang='lat' dir='ltr'>medela</span> <span class='ocrx_word' id='word_1_120' title='bbox 1221 269 1333 310; x_wconf 79' lang='lat' dir='ltr'>saucii,</span> 
     </span>
     <span class='ocr_line' id='line_1_60' title="bbox 1024 316 1260 350; baseline -0.008 0"><span class='ocrx_word' id='word_1_121' title='bbox 1024 317 1160 350; x_wconf 84' lang='lat' dir='ltr'>Precem</span> <span class='ocrx_word' id='word_1_122' title='bbox 1185 316 1260 349; x_wconf 86' lang='lat' dir='ltr'>audi</span> 
     </span>
     <span class='ocr_line' id='line_1_61' title="bbox 1072 363 1344 402; baseline -0.011 -5"><span class='ocrx_word' id='word_1_123' title='bbox 1072 365 1221 397; x_wconf 86' lang='lat' dir='ltr'>clamoris</span> <span class='ocrx_word' id='word_1_124' title='bbox 1246 363 1344 402; x_wconf 81' lang='lat' dir='ltr'>anxii,</span> 
     </span>
     <span class='ocr_line' id='line_1_62' title="bbox 1023 412 1269 453; baseline -0.008 -8"><span class='ocrx_word' id='word_1_125' title='bbox 1023 413 1091 445; x_wconf 85' lang='lat' dir='ltr'>Nos</span> <span class='ocrx_word' id='word_1_126' title='bbox 1116 412 1149 443; x_wconf 90' lang='lat' dir='ltr'>in</span> <span class='ocrx_word' id='word_1_127' title='bbox 1174 415 1269 453; x_wconf 84' lang='lat' dir='ltr'>petra</span> 
     </span>
     <span class='ocr_line' id='line_1_63' title="bbox 1073 459 1414 501; baseline -0.006 -8"><span class='ocrx_word' id='word_1_128' title='bbox 1073 459 1201 493; x_wconf 83' lang='lat' dir='ltr'>Christo</span> <span class='ocrx_word' id='word_1_129' title='bbox 1228 459 1414 501; x_wconf 82' lang='lat' dir='ltr'>corrobora,</span> 
     </span>
     <span class='ocr_line' id='line_1_64' title="bbox 1022 507 1262 548; baseline -0.013 -7"><span class='ocrx_word' id='word_1_130' title='bbox 1022 508 1073 541; x_wconf 88' lang='lat' dir='ltr'>Ne</span> <span class='ocrx_word' id='word_1_131' title='bbox 1097 507 1262 548; x_wconf 88' lang='lat' dir='ltr'>peccando</span> 
     </span>
     <span class='ocr_line' id='line_1_65' title="bbox 1071 558 1378 598; baseline 0.003 -11"><span class='ocrx_word' id='word_1_132' title='bbox 1071 558 1207 597; x_wconf 84' lang='lat' dir='ltr'>pereant</span> <span class='ocrx_word' id='word_1_133' title='bbox 1232 564 1378 598; x_wconf 86' lang='lat' dir='ltr'>corpora,</span> 
     </span>
     <span class='ocr_line' id='line_1_66' title="bbox 1117 603 1371 644; baseline 0.008 -8"><span class='ocrx_word' id='word_1_134' title='bbox 1117 603 1206 636; x_wconf 81' lang='lat' dir='ltr'>Fons</span> <span class='ocrx_word' id='word_1_135' title='bbox 1231 603 1371 644; x_wconf 73' lang='lat' dir='ltr'>pietatis</span> 
     </span>
    </p>
   </div>
   <div class='ocr_carea' id='block_1_21' title="bbox 1022 739 1430 1165">
    <p class='ocr_par' dir='ltr' id='par_1_36' title="bbox 1023 739 1259 782">
     <span class='ocr_line' id='line_1_67' title="bbox 1023 739 1259 782; baseline -0.004 -11"><span class='ocrx_word' id='word_1_136' title='bbox 1023 739 1105 780; x_wconf 77' lang='lat' dir='ltr'>Ave,</span> <span class='ocrx_word' id='word_1_137' title='bbox 1131 747 1259 782; x_wconf 83' lang='lat' dir='ltr'>parens,</span> 
     </span>
    </p>

    <p class='ocr_par' dir='ltr' id='par_1_37' title="bbox 1024 787 1395 869">
     <span class='ocr_line' id='line_1_68' title="bbox 1070 787 1395 828; baseline 0.003 -10"><span class='ocrx_word' id='word_1_138' title='bbox 1070 795 1130 828; x_wconf 87' lang='lat' dir='ltr'>per</span> <span class='ocrx_word' id='word_1_139' title='bbox 1155 787 1244 819; x_wconf 89' lang='lat' dir='ltr'>cuius</span> <span class='ocrx_word' id='word_1_140' title='bbox 1269 787 1395 820; x_wconf 86' lang='lat' dir='ltr'>viscera</span> 
     </span>
     <span class='ocr_line' id='line_1_69' title="bbox 1024 833 1215 869; baseline -0.005 -1"><span class='ocrx_word' id='word_1_141' title='bbox 1024 835 1109 868; x_wconf 87' lang='lat' dir='ltr'>Mira</span> <span class='ocrx_word' id='word_1_142' title='bbox 1136 833 1215 869; x_wconf 88' lang='lat' dir='ltr'>fecit</span> 
     </span>
    </p>

    <p class='ocr_par' dir='ltr' id='par_1_38' title="bbox 1022 885 1332 964">
     <span class='ocr_line' id='line_1_70' title="bbox 1071 885 1332 925; baseline 0.004 -10"><span class='ocrx_word' id='word_1_143' title='bbox 1071 885 1198 916; x_wconf 85' lang='lat' dir='ltr'>creator</span> <span class='ocrx_word' id='word_1_144' title='bbox 1223 891 1332 925; x_wconf 85' lang='lat' dir='ltr'>opera,</span> 
     </span>
     <span class='ocr_line' id='line_1_71' title="bbox 1022 931 1264 964; baseline 0 0"><span class='ocrx_word' id='word_1_145' title='bbox 1022 931 1126 964; x_wconf 88' lang='lat' dir='ltr'>Huius</span> <span class='ocrx_word' id='word_1_146' title='bbox 1151 932 1264 964; x_wconf 86' lang='lat' dir='ltr'>mundi</span> 
     </span>
    </p>

    <p class='ocr_par' dir='ltr' id='par_1_39' title="bbox 1023 980 1373 1062">
     <span class='ocr_line' id='line_1_72' title="bbox 1070 980 1373 1022; baseline 0.003 -11"><span class='ocrx_word' id='word_1_147' title='bbox 1070 980 1205 1012; x_wconf 79' lang='lat' dir='ltr'>siccavit</span> <span class='ocrx_word' id='word_1_148' title='bbox 1229 980 1373 1022; x_wconf 85' lang='lat' dir='ltr'>pelagus,</span> 
     </span>
     <span class='ocr_line' id='line_1_73' title="bbox 1023 1028 1247 1062; baseline -0.009 0"><span class='ocrx_word' id='word_1_149' title='bbox 1023 1028 1070 1062; x_wconf 89' lang='lat' dir='ltr'>Ut</span> <span class='ocrx_word' id='word_1_150' title='bbox 1094 1029 1247 1060; x_wconf 85' lang='lat' dir='ltr'>transiret</span> 
     </span>
    </p>

    <p class='ocr_par' dir='ltr' id='par_1_40' title="bbox 1070 1076 1430 1116">
     <span class='ocr_line' id='line_1_74' title="bbox 1070 1076 1430 1116; baseline 0.006 -9"><span class='ocrx_word' id='word_1_151' title='bbox 1070 1079 1222 1116; x_wconf 78' lang='lat' dir='ltr'>peccator</span> <span class='ocrx_word' id='word_1_152' title='bbox 1245 1076 1430 1116; x_wconf 81' lang='lat' dir='ltr'>naufragus,</span> 
     </span>
    </p>

    <p class='ocr_par' dir='ltr' id='par_1_41' title="bbox 1116 1123 1379 1165">
     <span class='ocr_line' id='line_1_75' title="bbox 1116 1123 1379 1165; baseline 0 -10"><span class='ocrx_word' id='word_1_153' title='bbox 1116 1123 1215 1165; x_wconf 87' lang='lat' dir='ltr'>Virgo</span> <span class='ocrx_word' id='word_1_154' title='bbox 1243 1124 1379 1157; x_wconf 82' lang='lat' dir='ltr'>decoris,</span> 
     </span>
    </p>
   </div>
   <div class='ocr_carea' id='block_1_22' title="bbox 1019 1182 1417 1603">
    <p class='ocr_par' dir='ltr' id='par_1_42' title="bbox 1020 1182 1218 1222">
     <span class='ocr_line' id='line_1_76' title="bbox 1020 1182 1218 1222; baseline 0 -8"><span class='ocrx_word' id='word_1_155' title='bbox 1020 1182 1103 1222; x_wconf 90' lang='lat' dir='ltr'>Ave,</span> <span class='ocrx_word' id='word_1_156' title='bbox 1129 1183 1218 1214; x_wconf 84' lang='lat' dir='ltr'>terra</span> 
     </span>
    </p>

    <p class='ocr_par' dir='ltr' id='par_1_43' title="bbox 1019 1228 1384 1318">
     <span class='ocr_line' id='line_1_77' title="bbox 1070 1228 1384 1273; baseline 0 -12"><span class='ocrx_word' id='word_1_157' title='bbox 1070 1229 1173 1262; x_wconf 85' lang='lat' dir='ltr'>dulcis</span> <span class='ocrx_word' id='word_1_158' title='bbox 1200 1233 1232 1262; x_wconf 88' lang='lat' dir='ltr'>et</span> <span class='ocrx_word' id='word_1_159' title='bbox 1258 1228 1384 1273; x_wconf 86' lang='lat' dir='ltr'>fertilis,</span> 
     </span>
     <span class='ocr_line' id='line_1_78' title="bbox 1019 1277 1305 1318; baseline 0.003 -8"><span class='ocrx_word' id='word_1_160' title='bbox 1019 1277 1070 1310; x_wconf 88' lang='lat' dir='ltr'>De</span> <span class='ocrx_word' id='word_1_161' title='bbox 1095 1287 1158 1318; x_wconf 85' lang='lat' dir='ltr'>qua</span> <span class='ocrx_word' id='word_1_162' title='bbox 1181 1277 1305 1311; x_wconf 85' lang='lat' dir='ltr'>fructus</span> 
     </span>
    </p>

    <p class='ocr_par' dir='ltr' id='par_1_44' title="bbox 1020 1326 1346 1407">
     <span class='ocr_line' id='line_1_79' title="bbox 1068 1326 1346 1369; baseline 0.004 -11"><span class='ocrx_word' id='word_1_163' title='bbox 1068 1326 1193 1367; x_wconf 84' lang='lat' dir='ltr'>prodiit</span> <span class='ocrx_word' id='word_1_164' title='bbox 1216 1326 1346 1369; x_wconf 79' lang='lat' dir='ltr'>nobilis,</span> 
     </span>
     <span class='ocr_line' id='line_1_80' title="bbox 1020 1373 1277 1407; baseline 0.004 -1"><span class='ocrx_word' id='word_1_165' title='bbox 1020 1373 1070 1406; x_wconf 91' lang='lat' dir='ltr'>De</span> <span class='ocrx_word' id='word_1_166' title='bbox 1094 1382 1129 1406; x_wconf 92' lang='lat' dir='ltr'>se</span> <span class='ocrx_word' id='word_1_167' title='bbox 1156 1378 1277 1407; x_wconf 86' lang='lat' dir='ltr'>terram</span> 
     </span>
    </p>

    <p class='ocr_par' dir='ltr' id='par_1_45' title="bbox 1019 1423 1373 1512">
     <span class='ocr_line' id='line_1_81' title="bbox 1069 1423 1373 1466; baseline 0.007 -12"><span class='ocrx_word' id='word_1_168' title='bbox 1069 1425 1101 1454; x_wconf 91' lang='lat' dir='ltr'>et</span> <span class='ocrx_word' id='word_1_169' title='bbox 1127 1424 1231 1456; x_wconf 84' lang='lat' dir='ltr'>caelos</span> <span class='ocrx_word' id='word_1_170' title='bbox 1259 1423 1373 1466; x_wconf 88' lang='lat' dir='ltr'>reficit,</span> 
     </span>
     <span class='ocr_line' id='line_1_82' title="bbox 1019 1472 1267 1512; baseline -0.008 -7"><span class='ocrx_word' id='word_1_171' title='bbox 1019 1472 1135 1505; x_wconf 86' lang='lat' dir='ltr'>Omnes</span> <span class='ocrx_word' id='word_1_172' title='bbox 1161 1472 1267 1512; x_wconf 87' lang='lat' dir='ltr'>pascit</span> 
     </span>
    </p>

    <p class='ocr_par' dir='ltr' id='par_1_46' title="bbox 1068 1520 1384 1561">
     <span class='ocr_line' id='line_1_83' title="bbox 1068 1520 1384 1561; baseline 0.006 -11"><span class='ocrx_word' id='word_1_173' title='bbox 1068 1527 1128 1551; x_wconf 89' lang='lat' dir='ltr'>nec</span> <span class='ocrx_word' id='word_1_174' title='bbox 1152 1520 1238 1552; x_wconf 90' lang='lat' dir='ltr'>solus</span> <span class='ocrx_word' id='word_1_175' title='bbox 1266 1520 1384 1561; x_wconf 84' lang='lat' dir='ltr'>deficit,</span> 
     </span>
    </p>

    <p class='ocr_par' dir='ltr' id='par_1_47' title="bbox 1115 1568 1417 1603">
     <span class='ocr_line' id='line_1_84' title="bbox 1115 1568 1417 1603; baseline 0.01 -3"><span class='ocrx_word' id='word_1_176' title='bbox 1115 1568 1255 1601; x_wconf 83' lang='lat' dir='ltr'>Fructus</span> <span class='ocrx_word' id='word_1_177' title='bbox 1276 1569 1417 1603; x_wconf 89' lang='lat' dir='ltr'>honoris.</span> 
     </span>
    </p>
   </div>
   <div class='ocr_carea' id='block_1_23' title="bbox 1017 1626 1432 2051">
    <p class='ocr_par' dir='ltr' id='par_1_48' title="bbox 1017 1626 1252 1667">
     <span class='ocr_line' id='line_1_85' title="bbox 1017 1626 1252 1667; baseline 0.004 -9"><span class='ocrx_word' id='word_1_178' title='bbox 1017 1626 1098 1666; x_wconf 88' lang='lat' dir='ltr'>Ave,</span> <span class='ocrx_word' id='word_1_179' title='bbox 1124 1635 1252 1667; x_wconf 83' lang='lat' dir='ltr'>sponsa,</span> 
     </span>
    </p>

    <p class='ocr_par' dir='ltr' id='par_1_49' title="bbox 1019 1673 1413 1755">
     <span class='ocr_line' id='line_1_86' title="bbox 1068 1673 1413 1709; baseline 0.012 -4"><span class='ocrx_word' id='word_1_180' title='bbox 1068 1673 1156 1706; x_wconf 90' lang='lat' dir='ltr'>cuius</span> <span class='ocrx_word' id='word_1_181' title='bbox 1180 1675 1214 1706; x_wconf 90' lang='lat' dir='ltr'>in</span> <span class='ocrx_word' id='word_1_182' title='bbox 1239 1675 1413 1709; x_wconf 78' lang='lat' dir='ltr'>thalamum</span> 
     </span>
     <span class='ocr_line' id='line_1_87' title="bbox 1019 1720 1198 1755; baseline 0.011 -2"><span class='ocrx_word' id='word_1_183' title='bbox 1019 1720 1198 1755; x_wconf 86' lang='lat' dir='ltr'>Distillavit</span> 
     </span>
    </p>

    <p class='ocr_par' dir='ltr' id='par_1_50' title="bbox 1022 1770 1420 1853">
     <span class='ocr_line' id='line_1_88' title="bbox 1068 1770 1420 1816; baseline 0.014 -15"><span class='ocrx_word' id='word_1_184' title='bbox 1068 1770 1206 1803; x_wconf 83' lang='lat' dir='ltr'>caeleste</span> <span class='ocrx_word' id='word_1_185' title='bbox 1230 1771 1420 1816; x_wconf 83' lang='lat' dir='ltr'>balsamum,</span> 
     </span>
     <span class='ocr_line' id='line_1_89' title="bbox 1022 1817 1333 1853; baseline 0.006 -2"><span class='ocrx_word' id='word_1_186' title='bbox 1022 1817 1099 1851; x_wconf 87' lang='lat' dir='ltr'>Cum</span> <span class='ocrx_word' id='word_1_187' title='bbox 1125 1827 1178 1851; x_wconf 85' lang='lat' dir='ltr'>ros</span> <span class='ocrx_word' id='word_1_188' title='bbox 1204 1824 1333 1853; x_wconf 87' lang='lat' dir='ltr'>sanctus</span> 
     </span>
    </p>

    <p class='ocr_par' dir='ltr' id='par_1_51' title="bbox 1022 1864 1372 1954">
     <span class='ocr_line' id='line_1_90' title="bbox 1066 1864 1372 1914; baseline 0.016 -17"><span class='ocrx_word' id='word_1_189' title='bbox 1066 1864 1212 1906; x_wconf 85' lang='lat' dir='ltr'>perfudit</span> <span class='ocrx_word' id='word_1_190' title='bbox 1236 1870 1372 1914; x_wconf 86' lang='lat' dir='ltr'>uterum,</span> 
     </span>
     <span class='ocr_line' id='line_1_91' title="bbox 1022 1914 1206 1954; baseline 0.005 -8"><span class='ocrx_word' id='word_1_191' title='bbox 1022 1914 1206 1954; x_wconf 86' lang='lat' dir='ltr'>Concepisti</span> 
     </span>
    </p>

    <p class='ocr_par' dir='ltr' id='par_1_52' title="bbox 1067 1971 1432 2012">
     <span class='ocr_line' id='line_1_92' title="bbox 1067 1971 1432 2012; baseline 0.019 -18"><span class='ocrx_word' id='word_1_192' title='bbox 1067 1971 1127 2003; x_wconf 85' lang='lat' dir='ltr'>per</span> <span class='ocrx_word' id='word_1_193' title='bbox 1150 1973 1260 1997; x_wconf 82' lang='lat' dir='ltr'>aurem</span> <span class='ocrx_word' id='word_1_194' title='bbox 1285 1975 1432 2012; x_wconf 81' lang='lat' dir='ltr'>puerum,</span> 
     </span>
    </p>

    <p class='ocr_par' dir='ltr' id='par_1_53' title="bbox 1116 2010 1380 2051">
     <span class='ocr_line' id='line_1_93' title="bbox 1116 2010 1380 2051; baseline 0.027 -8"><span class='ocrx_word' id='word_1_195' title='bbox 1116 2010 1240 2045; x_wconf 86' lang='lat' dir='ltr'>Cellula</span> <span class='ocrx_word' id='word_1_196' title='bbox 1263 2015 1380 2051; x_wconf 70' lang='lat' dir='ltr'>mellis</span> 
     </span>
    </p>
   </div>
   <div class='ocr_carea' id='block_1_24' title="bbox 1018 2069 1417 2492">
    <p class='ocr_par' dir='ltr' id='par_1_54' title="bbox 1018 2069 1417 2492">
     <span class='ocr_line' id='line_1_94' title="bbox 1020 2069 1216 2113; baseline 0.015 -13"><span class='ocrx_word' id='word_1_197' title='bbox 1020 2069 1100 2113; x_wconf 85' lang='lat' dir='ltr'>Ave,</span> <span class='ocrx_word' id='word_1_198' title='bbox 1128 2071 1216 2103; x_wconf 89' lang='lat' dir='ltr'>cuius</span> 
     </span>
     <span class='ocr_line' id='line_1_95' title="bbox 1067 2117 1417 2163; baseline 0.011 -12"><span class='ocrx_word' id='word_1_199' title='bbox 1067 2117 1211 2151; x_wconf 84' lang='lat' dir='ltr'>Christus</span> <span class='ocrx_word' id='word_1_200' title='bbox 1237 2120 1268 2153; x_wconf 91' lang='lat' dir='ltr'>in</span> <span class='ocrx_word' id='word_1_201' title='bbox 1295 2123 1417 2163; x_wconf 83' lang='lat' dir='ltr'>gremio</span> 
     </span>
     <span class='ocr_line' id='line_1_96' title="bbox 1020 2165 1206 2200; baseline 0.011 -2"><span class='ocrx_word' id='word_1_202' title='bbox 1020 2165 1062 2199; x_wconf 87' lang='lat' dir='ltr'>Se</span> <span class='ocrx_word' id='word_1_203' title='bbox 1085 2168 1206 2200; x_wconf 80' lang='lat' dir='ltr'>velavit</span> 
     </span>
     <span class='ocr_line' id='line_1_97' title="bbox 1067 2216 1311 2262; baseline 0.012 -15"><span class='ocrx_word' id='word_1_204' title='bbox 1067 2217 1171 2248; x_wconf 82' lang='lat' dir='ltr'>carnis</span> <span class='ocrx_word' id='word_1_205' title='bbox 1196 2216 1311 2262; x_wconf 85' lang='lat' dir='ltr'>cilicio,</span> 
     </span>
     <span class='ocr_line' id='line_1_98' title="bbox 1020 2264 1226 2297; baseline 0 0"><span class='ocrx_word' id='word_1_206' title='bbox 1020 2264 1076 2297; x_wconf 84' lang='lat' dir='ltr'>Cui</span> <span class='ocrx_word' id='word_1_207' title='bbox 1102 2267 1226 2297; x_wconf 87' lang='lat' dir='ltr'>acetum</span> 
     </span>
     <span class='ocr_line' id='line_1_99' title="bbox 1067 2313 1415 2353; baseline 0.011 -9"><span class='ocrx_word' id='word_1_208' title='bbox 1067 2313 1260 2353; x_wconf 85' lang='lat' dir='ltr'>gustandum</span> <span class='ocrx_word' id='word_1_209' title='bbox 1286 2314 1415 2348; x_wconf 88' lang='lat' dir='ltr'>miscuit</span> 
     </span>
     <span class='ocr_line' id='line_1_100' title="bbox 1018 2361 1251 2402; baseline -0.004 -9"><span class='ocrx_word' id='word_1_210' title='bbox 1018 2361 1169 2402; x_wconf 75' lang='lat' dir='ltr'>iudaeus,</span> <span class='ocrx_word' id='word_1_211' title='bbox 1196 2362 1251 2402; x_wconf 87' lang='lat' dir='ltr'>qui</span> 
     </span>
     <span class='ocr_line' id='line_1_101' title="bbox 1067 2409 1407 2453; baseline 0.006 -12"><span class='ocrx_word' id='word_1_212' title='bbox 1067 2418 1194 2450; x_wconf 84' lang='lat' dir='ltr'>semper</span> <span class='ocrx_word' id='word_1_213' title='bbox 1219 2409 1264 2441; x_wconf 83' lang='lat' dir='ltr'>fel</span> <span class='ocrx_word' id='word_1_214' title='bbox 1289 2410 1407 2453; x_wconf 82' lang='lat' dir='ltr'>sapuit,</span> 
     </span>
     <span class='ocr_line' id='line_1_102' title="bbox 1115 2457 1355 2492; baseline 0 -2"><span class='ocrx_word' id='word_1_215' title='bbox 1115 2457 1234 2492; x_wconf 83' lang='lat' dir='ltr'>Nescia</span> <span class='ocrx_word' id='word_1_216' title='bbox 1259 2457 1355 2491; x_wconf 85' lang='lat' dir='ltr'>fellis.</span> 
     </span>
    </p>
   </div>
  </div>
 </body>
</html>
