1655 2726
754 143 1017 179 —1544

228 241 503 281 441.Principali
531 241 627 281 digna
653 239 761 283 laude,

324 290 490 329 Dignitate
515 288 696 330 singularis,

322 337 437 370 Redde
461 336 574 377 procul
599 335 701 367 hostis
728 334 845 367 fraude

322 384 494 418 Laetitiam
519 383 680 415 salutaris.

226 473 307 505 442.
323 471 491 509 Salutaris,
517 470 658 509 inquam,
685 469 743 512 tui,

322 518 414 558 Quod
440 518 601 550 saeculum
627 516 802 559 desiderat,

323 567 368 600 Ut
393 565 556 607 sanguinis
581 564 674 596 multi
699 565 749 596 sui

321 614 529 654 iniquitatem
553 611 690 646 auferat.

225 702 305 734 443.
321 699 461 732 Auferat
485 702 518 732 et
542 708 601 740 per
625 701 668 738 te,
697 701 784 738 peto,

322 748 430 780 Meum
456 758 476 780 a
499 756 552 779 me
575 745 743 787 flagitium,

320 796 367 829 Ut
391 796 508 836 spiritu
532 795 624 828 vobis
650 795 734 827 laeto

321 843 458 877 Offeram
484 842 685 876 sacrificium.

226 933 307 965 444.
323 929 523 964 Sacrificium
550 931 668 963 obtulit

323 979 496 1019 Gregoiius
520 979 583 1012 Dei
605 980 675 1011 irae

320 1027 560 1068 imaginemque
584 1028 732 1070 protulit,

324 1077 425 1115 Quam
452 1076 600 1117 depinxit
623 1075 729 1108 Lucas
754 1076 845 1109 mire.

226 1163 409 1197 445.Mire
432 1162 538 1203 imago
565 1162 674 1194 delata

321 1211 420 1250 Tuae,
446 1211 548 1252 virgo,
575 1210 696 1251 speciei

322 1258 439 1290 Valida
464 1262 556 1299 peste
580 1257 691 1298 fugata

324 1306 490 1346 Mitigavit
514 1307 597 1338 iram
623 1306 694 1339 Dei.

227 1396 307 1428 446.
323 1393 385 1426 Dei
410 1393 526 1434 angeli,
554 1392 669 1434 Maria,

325 1440 441 1474 Auditi
466 1444 541 1473 sunt
564 1444 641 1472 tune
668 1444 799 1473 cantare

324 1491 363 1522 In
389 1490 596 1528 processione
620 1489 694 1528 pia:

325 1537 449 1577 Regina
475 1537 567 1578 caeli,
593 1537 725 1569 laetare.

231 1627 311 1658 447.
326 1624 451 1664 Regina
477 1624 567 1664 caeli,
593 1624 726 1665 laetare,

327 1673 417 1705 Sicut
442 1673 534 1714 dixit,
560 1672 747 1713 resurrexit,

326 1721 423 1760 Quem
450 1721 595 1752 meruisti
621 1722 762 1760 portare,

326 1768 371 1801 Et
396 1768 438 1800 ad
465 1769 569 1800 caelos
596 1777 631 1799 se
656 1768 846 1801 transvexit.

230 1857 312 1889 448.
326 1855 522 1888 Transvexit
545 1859 618 1887 tuus
643 1854 728 1887 filius

326 1905 440 1936 Patres
466 1913 524 1944 per
549 1912 663 1944 aquam
688 1904 830 1943 nimiam,

327 1952 389 1984 Per
415 1955 448 1982 te
472 1951 557 1984 filius
583 1952 720 1992 amplius

326 1999 504 2032 Effundens
531 2009 619 2032 suam
644 2001 792 2040 gratiam.

231 2089 312 2121 449.
329 2086 473 2119 Gratiam
499 2087 582 2126 Iesu,
609 2086 725 2126 Maria,

329 2136 468 2177 Sumam,
495 2143 620 2167 servem
645 2138 710 2166 tete
736 2137 826 2176 duce,

329 2184 376 2216 Te
401 2183 550 2223 pulsante
574 2191 670 2223 prece
696 2183 750 2223 pia

329 2231 444 2264 Mundi
472 2231 626 2272 Gregorio
654 2232 734 2266 luce,

234 2310 314 2342 450.
329 2308 416 2340 Luce
442 2318 566 2350 quoque
590 2317 687 2349 prece
714 2309 809 2349 digna

333 2356 420 2389 Casti
445 2358 507 2389 viri
532 2358 602 2389 sine
629 2357 701 2389 dolo

330 2404 381 2437 Da
406 2406 535 2438 virtutis
562 2408 657 2446 atque
682 2405 772 2447 signa

331 2453 478 2498 Imagini,
506 2464 568 2494 qua
593 2458 625 2485 te
649 2454 728 2489 colo„

918 240 997 274 451.
1015 240 1091 273 Colo
1117 243 1159 279 te,
1186 241 1292 272 mater
1319 237 1438 278 divina,

1011 288 1113 320 Tuam
1139 295 1273 318 cernens
1297 285 1482 326 imaginem,

1013 336 1115 374 Quam
1134 335 1241 367 colens
1259 332 1421 373 quondam
1438 331 1550 371 regina

1014 383 1102 414 Vicit
1127 390 1250 414 omnem
1276 380 1455 414 libidinem.

918 470 999 502 452.
1015 468 1200 500 Libidinem
1223 467 1449 499 abhorrentem

1012 516 1131 549 Frater
1156 515 1242 556 regis
1268 513 1461 555 concupivit,

1012 564 1059 597 At
1082 564 1157 603 ipsa
1182 563 1461 603 concupiscentem

1012 611 1110 644 Turri
1138 611 1282 643 clausum
1308 610 1491 643 custodivit.

918 698 999 732 453.
1017 697 1199 732 Custodivit
1223 697 1308 730 hanc
1332 697 1532 738 praecedens

1013 747 1140 779 Mariae
1165 755 1277 778 manus
1303 755 1363 787 pro
1390 748 1488 785 certo,

1016 795 1095 828 Cum
1106 803 1164 827 rex
1174 794 1283 827 verbis
1292 794 1405 827 fratris
1417 794 1552 826 credens

1014 843 1127 877 Occidi
1151 843 1246 875 iussit
1273 843 1413 877 deserto.

919 932 1000 964 454.
1017 931 1154 963 Deserto
1181 939 1251 963 eam
1275 931 1442 964 tradentes

1014 979 1212 1012 Nitebantur
1238 988 1442 1021 cognoscere,

1014 1029 1114 1068 Quam
1139 1028 1208 1059 illic
1232 1028 1296 1060 iter
1320 1030 1451 1069 agentes

1015 1076 1137 1108 Fecisti
1163 1084 1271 1109 secum
1296 1085 1423 1117 rapere.

917 1163 998 1195 455.
1013 1163 1143 1203 Rapere
1162 1163 1252 1195 dives
1281 1164 1436 1204 decrevit,

1013 1212 1113 1251 Quam
1138 1211 1296 1243 nutricem
1321 1213 1416 1252 parvi
1441 1211 1529 1255 fecit,

1016 1259 1086 1302 Cui,
1113 1260 1188 1299 quia
1212 1261 1375 1293 moechari
1401 1261 1535 1302 sprevit,

1014 1308 1073 1339 Vir
1098 1316 1233 1347 puerum
1257 1308 1431 1343 interfecit.

918 1395 1000 1427 456.
1014 1394 1108 1426 Fecit
1132 1395 1172 1427 ob
1199 1395 1261 1427 hoc
1285 1397 1379 1437 parvi
1404 1400 1500 1437 pater

1013 1443 1103 1475 Dare
1129 1444 1235 1475 nautis
1261 1446 1542 1487 submergendam,

1016 1491 1079 1524 Sed
1105 1492 1181 1523 huic
1206 1493 1280 1532 rupi
1304 1494 1409 1535 datae,
1435 1497 1552 1533 mater,

1014 1539 1143 1572 Dedisti
1167 1540 1252 1573 vitae
1277 1542 1508 1582 praebendam.

920 1628 1000 1660 457.
1015 1628 1240 1661 Praebendam
1275 1629 1396 1663 herbae
1421 1631 1552 1663 virtutis

1013 1676 1114 1718 Tunc,
1139 1677 1256 1719 Maria,
1281 1680 1430 1720 pandens
1457 1680 1497 1720 ei,

1014 1725 1083 1764 Qua
1107 1726 1244 1765 gratiam
1266 1731 1342 1759 sunt
1366 1728 1480 1760 salutis

1015 1773 1139 1813 Adepti
1163 1774 1285 1814 leprosi
1310 1776 1368 1809 rei.

921 1859 1000 1892 458.
1016 1859 1075 1891 Rei
1102 1861 1231 1900 quidam
1258 1864 1432 1896 existentes

1016 1907 1104 1949 Erga
1129 1909 1277 1942 devotam
1303 1913 1458 1955 reginam,

1015 1955 1124 1997 Lepi-a
1148 1958 1290 1991 morbidi
1313 1961 1502 2002 languentes

1017 2003 1181 2045 Ceperunt
1205 2007 1334 2048 plagam
1362 2010 1514 2046 divinam.

921 2091 1002 2123 459.
1017 2091 1166 2125 Divinam
1192 2097 1388 2130 curationem

1018 2141 1080 2172 Per
1103 2142 1237 2175 herbam
1262 2147 1491 2192 percipientes,

1017 2189 1096 2222 Cum
1121 2192 1251 2231 reginae
1274 2196 1456 2234 passionem

1015 2236 1161 2271 Fuerunt
1186 2241 1273 2273 clare
1297 2242 1448 2278 fatentes.

921 2313 1002 2348 460.
1016 2314 1170 2349 Fatentes
1196 2323 1288 2351 erant
1313 2323 1419 2354 sanati

1018 2363 1143 2397 Nomen
1168 2368 1268 2407 tuum,
1295 2378 1313 2401 o
1336 2370 1455 2412 Maria,

1019 2411 1073 2444 Sic
1096 2423 1225 2446 manum
1250 2417 1442 2451 adversitati

1019 2460 1162 2502 Reginae
1187 2464 1317 2497 mittens
1342 2467 1376 2499 in
1401 2468 1464 2501 via.
