1655 2726
738 143 993 178 *240-

217 239 275 273 45.
302 239 408 280 Salve,
435 240 509 271 aula
533 240 649 272 summi
674 239 769 281 regis,

303 288 353 319 Tu
377 287 522 319 illustras
550 295 605 319 cor
631 287 763 327 exlegis,

301 335 513 375 Desperantis
540 334 659 368 crimen
683 335 765 375 tegis

302 383 348 416 Et
370 383 404 414 in
428 383 617 425 paradisum
643 383 743 426 vehis,

350 431 410 471 Qui
435 434 468 464 te
493 440 651 464 amavere.

220 510 278 543 46.
305 509 401 541 Salve
425 511 471 549 tu,
498 517 580 549 quae
604 509 769 542 deviantes

302 556 424 597 Dirigis
451 560 483 588 et
507 557 597 589 iuvas
623 560 757 600 stantes,

301 605 419 638 Terras
443 608 480 637 tu
503 614 562 637 nos
586 605 788 648 infestantes,

303 653 348 686 Et
371 656 404 685 te
429 662 557 694 semper
580 656 770 687 venerantes

350 701 521 743 Nunquam
547 703 684 742 periere.

220 780 277 813 47.
304 778 409 818 Salve,
436 781 599 819 sceptrum
625 790 643 813 o
670 780 788 823 regale,

303 825 562 860 Praeformosum
587 831 684 869 atque
706 828 781 872 tale,

301 876 360 909 Cui
385 885 447 908 non
475 878 566 916 patet
590 877 748 917 aequale3

301 923 390 963 Ergo
418 924 480 968 dic,
508 933 526 956 o
550 923 652 965 virgo,
679 925 762 967 vale,

350 971 444 1004 Nunc
468 981 519 1004 me
544 973 638 1005 trahe
662 982 798 1007 sursum.

911 242 968 274 48.
996 241 1101 281 Salve,
1132 242 1227 274 dulce
1250 246 1375 283 tempus
1399 243 1498 285 veris,

911 511 968 543 49.

911 782 966 815 50.

992 289 1042 320 Tu
1067 289 1222 321 virtutum
1247 293 1368 322 sertum
1393 290 1491 330 geris,

995 336 1109 376 Tuque
1134 345 1228 368 omne
1248 346 1386 376 pravum
1411 338 1489 369 teris

994 383 1038 415 Et
1060 388 1243 416 sanctorum
1268 393 1377 417 semen
1402 386 1495 429 seris,

1041 431 1149 465 Meum
1174 441 1250 472 rege
1276 441 1417 465 cursum.

996 509 1101 549 Salve,
1121 518 1249 550 sponsa,
1268 518 1350 550 quae
1368 513 1532 543 curantem

996 556 1143 590 Genuisti
1167 561 1203 589 ut
1224 557 1392 597 infantem,

995 605 1105 649 Serva,
1132 607 1196 647 pia,
1224 609 1257 637 te
1280 607 1466 639 laudantem

996 654 1058 686 Per
1076 653 1137 687 hoc
1154 655 1308 695 scriptum
1327 658 1360 687 ct
1372 659 1527 696 orantem,

1042 701 1143 744 Roga,
1170 706 1206 734 ut
1230 703 1384 736 salvetur.

993 780 1098 822 Salve,
1125 779 1256 822 pietatis
1283 789 1374 819 vena,

991 828 1087 861 Hunc
1112 839 1131 861 a
1157 828 1253 868 eulpa
1278 831 1310 860 et
1334 838 1354 860 a
1378 837 1484 867 poena.

993 877 1146 917 Absolve,
1170 876 1261 916 virgo
1287 885 1412 918 serena,

993 925 1053 965 Qui
1076 928 1110 957 te
1135 933 1205 957 cum
1225 924 1286 956 hac
1303 924 1529 966 quinquagena

1038 973 1157 1006 Dietim
1183 976 1324 1005 veretur.

284 1076 364 1104 Orat.
391 1084 445 1103 ms.
469 1075 608 1104 Italicum
634 1084 710 1104 saec·
735 1074 779 1106 15.
826 1076 893 1104 Cod.
915 1076 1040 1104 Paulam
1061 1076 1162 1105 Sanbl.
1184 1078 1304 1105 membr.
1325 1075 1371 1104 45.
1398 1092 1436 1097 -κ
1461 1076 1488 1112 5,
1509 1075 1529 1106 3

203 1114 297 1151 Virga
323 1114 439 1142 florens.
466 1129 504 1133 —
534 1113 578 1147 15,
604 1114 618 1142 1
646 1116 718 1142 vita.
748 1131 784 1135 -
817 1113 860 1146 16,
881 1113 901 1141 4
918 1115 1010 1142 Labe.
1037 1130 1072 1134 -
1096 1114 1140 1149 17,
1164 1112 1182 1143 3
1202 1115 1259 1143 Per

1299 1124 1369 1143 uam
1392 1116 1464 1143 divi.
1491 1131 1526 1135 —

202 1150 248 1186 26,
269 1150 287 1180 3
305 1153 345 1180 Et
364 1156 541 1181 sanctorum.
556 1167 593 1172 —-—
614 1151 660 1187 29,
676 1151 694 1179 2
715 1153 871 1182 Illustrati.
885 1167 922 1173 ——
946 1150 992 1187 33,
1008 1150 1025 1179 2
1044 1155 1077 1179 tu
1096 1154 1214 1190 largire.
1232 1170 1267 1174 -
1289 1155 1295 1162 ⁴
1309 1153 1335 1188 5,
1351 1152 1368 1182 3
1388 1154 1470 1183 Veri.
1491 1171 1527 1175 ——

202 1188 248 1225 39,
268 1189 287 1218 2
306 1192 356 1219 Da
376 1192 474 1220 nobis.
495 1206 532 1210 —
552 1189 597 1227 45,
620 1189 637 1219 3
659 1192 702 1219 Tc
722 1193 877 1229 sperantis.
897 1206 936 1212 -—
955 1191 1023 1228 Vgl.
1047 1191 1137 1220 Mone
1156 1192 1195 1226 Π,
1217 1190 1272 1220 275
1296 1193 1323 1220 ff.
