1655 2726
753 179 798 184 —
850 157 919 194 150
949 176 1014 222 1——

227 259 306 292 369.
321 257 440 290 Anima
464 256 592 297 quidem
619 254 728 286 clerici

321 305 487 344 Despecta
510 302 571 335 fuit
596 312 615 334 a
639 301 720 344 Deo,

322 352 387 385 Sed
411 360 509 392 prece
532 353 589 382 tua
612 349 753 391 supplici

324 401 402 433 Mox
427 399 574 440 pepercit
597 398 687 430 Iesus
712 407 778 433 reo.

919 255 999 288 370.
1012 254 1072 297 Eo,
1098 252 1217 294 Maria,
1244 250 1368 283 salvato

1011 302 1042 334 A
1065 309 1170 341 poena
1194 297 1427 336 crudelissima,

1012 350 1086 382 Iesu
1112 356 1172 388 per
1196 350 1229 378 te
1253 346 1301 378 sic
1322 345 1462 385 placato,

1012 397 1083 429 Deo
1108 394 1227 427 fruitur
1249 394 1362 425 anima.

573 476 653 508 371.
666 475 787 507 Anima
813 475 978 507 cuiusdam
1003 473 1138 505 multum

667 522 724 563 Te,
751 523 869 564 Maria,
895 520 1142 561 blasphemavit,

667 569 730 602 Sed
758 571 878 603 occidit
901 571 991 603 Iesus
1017 569 1164 608 stultum,

665 618 744 651 Mox
771 628 841 651 cum
865 616 956 650 nefas
983 616 1152 649 eructavit.

819 704 947 738 XLIV.

226 777 306 809 372.
322 775 494 807 Eructavit
518 773 650 806 verbum
676 772 794 805 bonum

325 823 387 856 Cor
411 826 513 864 tuum,
540 822 629 862 virgo
653 821 770 866 Maria,

322 872 386 905 Per
411 872 545 912 spiritus
573 870 677 902 sancti
703 869 821 902 donum

319 920 359 952 In
383 919 497 951 humili
523 919 608 951 vitae
631 918 694 951 via.

229 997 385 1031 373.Via
411 995 634 1029 oboedientiae

324 1045 371 1077 Te
395 1043 527 1076 firmans
553 1042 789 1084 perfectissime

325 1093 518 1133 Imperatori
543 1092 666 1133 gloriae

325 1141 432 1174 Fuisti
457 1142 588 1181 placens
613 1139 762 1173 maxime.

234 1220 315 1252 374.
329 1217 474 1250 Maxime
497 1217 561 1248 tuis
585 1216 681 1248 labiis

327 1264 453 1298 Diffusa
478 1265 539 1297 Dei
565 1265 667 1305 gratia

326 1313 499 1345 Hominum
527 1313 622 1344 datur
645 1311 721 1344 filiis

327 1361 423 1393 Nunc
447 1370 507 1401 per
531 1364 587 1392 tua
611 1359 772 1400 suffragia.

235 1441 314 1471 2²75.
330 1436 489 1476 Suffragia
513 1440 569 1469 tua
593 1437 723 1476 placent

329 1486 448 1518 Forma
473 1485 671 1525 speciosiori,

332 1533 427 1566 Cuius
451 1533 564 1565 laudes
581 1541 742 1572 nunquam
755 1535 866 1565 tacent

332 1581 462 1613 Gloriae
490 1582 558 1613 dati
582 1581 701 1614 decori.

236 1661 315 1693 376.
330 1659 459 1700 Deam,
483 1662 587 1692 mater
613 1658 739 1699 decora,

332 1707 391 1740 Cui
417 1708 470 1740 dat
496 1716 596 1748 regna
620 1706 709 1738 Iesus
734 1715 802 1748 sua,

332 1755 512 1788 Salubriter
535 1756 598 1787 iam
626 1755 748 1786 honora

334 1803 541 1836 Gratulantes
565 1803 674 1835 laude·
687 1805 751 1834 tua.

240 1883 318 1915 377.
333 1881 403 1912 Tua
427 1881 557 1920 quidam
582 1879 716 1911 visitare

335 1929 476 1969 Pergens
497 1928 632 1960 antistes
657 1927 777 1968 limina,

332 1977 379 2009 Te
404 1976 465 2008 sibi
492 1980 568 2009 tunc
590 1976 723 2009 obviare

333 2025 424 2058 Vidit
449 2034 518 2057 cum
544 2024 662 2067 multis,
692 2024 830 2056 domina.

241 2103 320 2137 378.
334 2102 484 2144 Domina,
513 2111 583 2133 cum
607 2101 784 2141 virginibus

336 2151 431 2183 Hunc
455 2160 513 2183 sua
539 2149 779 2183 circumdedisti

333 2199 378 2232 Et
404 2207 475 2231 eum
500 2199 628 2231 caelicis
654 2198 800 2229 cantibus

335 2248 373 2280 In
398 2248 553 2287 templum
580 2246 799 2280 introduxisti.

918 771 998 804 379.
1014 770 1074 804 Isti
1099 771 1223 802 tantam
1250 768 1331 801 dans
1356 768 1464 801 Maria

1015 819 1160 852 Gratiam
1185 818 1219 849 in
1245 817 1313 850 vita
1337 826 1404 860 sua,

1013 867 1060 901 Ut
1084 876 1178 908 quam
1203 866 1295 906 larga.
1317 866 1361 897 sis
1388 867 1421 897 et
1445 864 1511 908 pia,

1014 917 1134 949 Penset
1156 915 1234 947 inde
1259 914 1371 947 domus
1396 917 1462 946 tua..

920 994 1085 1027 380.Tua
1112 993 1237 1024 clausus
1262 991 1400 1024 basilica.

1013 1042 1111 1075 Miles
1136 1041 1170 1072 in
1196 1040 1281 1072 bello
1307 1040 1445 1072 militum

1015 1090 1143 1122 Absens
1168 1097 1266 1129 agens
1291 1086 1463 1129 magnifica

1015 1137 1159 1178 Sumpsit
1182 1137 1336 1169 honorem
1361 1136 1520 1169 inclitum.

921 1215 1167 1248 381.Inclitum
1192 1214 1309 1255 ipsum,
1337 1214 1454 1257 Maria,

1015 1263 1203 1295 Reddidisti
1229 1262 1403 1294 virtutibus

1016 1311 1075 1351 Eo,
1103 1310 1190 1351 quod
1213 1310 1328 1343 missas
1353 1311 1387 1342 in
1414 1311 1467 1342 via.

1016 1359 1235 1398 Exspectaret
1260 1367 1331 1391 cum
1355 1358 1519 1391 laudibus

922 1437 1001 1470 382.
1018 1436 1183 1468 Laudibus
1210 1445 1328 1469 vacans
1353 1436 1521 1479 poscebat,

1017 1485 1065 1519 Ut
1090 1488 1124 1516 tu
1152 1485 1281 1517 ductrix
1308 1494 1394 1517 esses
1420 1495 1489 1525 sua,

1018 1533 1088 1565 Nec
1104 1542 1242 1574 pergens
1259 1535 1378 1566 multos
1391 1533 1558 1573 vincebat,

1019 1581 1044 1614 O
1070 1581 1186 1625 Maria,
1214 1591 1310 1615 manu
1333 1586 1399 1614 tua..

924 1659 1003 1691 383.
1020 1659 1090 1691 Tua
1113 1660 1370 1700 mansuetudine,

1019 1706 1087 1746 Qua
1112 1707 1215 1747 polles
1240 1708 1444 1747 mirabiliter,

1018 1755 1118 1795 Cinge
1141 1764 1193 1786 me
1218 1754 1421 1796 fortitudine,

1019 1803 1065 1835 Ut
1091 1804 1241 1835 dimicam
1266 1805 1446 1839 sinceriter.

927 1879 1011 1914 384.
1026 1880 1202 1913 Sinceriter
1228 1884 1261 1912 et
1286 1883 1409 1915 directe

1018 1929 1055 1960 In
1083 1930 1166 1961 viam
1195 1930 1376 1963 dilectionis

1020 1978 1158 2009 Animae
1183 1986 1295 2010 sensus
1321 1979 1467 2012 abiectae

1020 2025 1092 2057 Duc
1117 2026 1208 2066 virga
1232 2026 1430 2061 directionis.

928 2101 1007 2136 385.
1022 2102 1221 2135 Directionis
1247 2103 1352 2138 ferula

1022 2150 1173 2192 Dirigens
1199 2152 1241 2184 ad
1267 2155 1430 2196 caelestia,

1020 2199 1137 2240 Maria,
1162 2209 1272 2233 murra
1294 2204 1446 2247 primula,

1025 2247 1087 2280 Cor
1112 2257 1254 2289 servanS,
1283 2252 1390 2284 cordis
1416 2253 1529 2293 gloria.

586 2324 666 2357 386.
683 2322 796 2355 Gloria
820 2322 891 2365 tibi,
917 2323 1036 2368 regina,

680 2371 861 2412 Pauperum
887 2374 1096 2415 exspectatio,

683 2419 783 2459 Quam
807 2419 988 2452 substantia
1014 2421 1124 2454 divina

680 2468 865 2501 Perlustrat
888 2468 1068 2511 privilegio.
