1655 2726
678 118 914 154 -37-

170 211 202 243 6.
228 211 311 252 Ave,
338 220 420 253 quae
444 222 503 246 nos
923 217 1020 250 Unde
1046 217 1154 250 lumen

280 259 321 292 de
345 262 460 294 mortis
486 262 629 296 tenebris
969 266 1121 299 lucernae
1147 266 1284 300 celebris

227 308 381 342 Eduxisti
921 313 1032 347 Rectis
1060 315 1157 348 corde

278 359 310 388 et
336 358 443 390 carnis
466 357 613 401 latebris,
968 363 1053 395 luxit
1073 363 1109 395 in
1134 364 1287 397 tenebris,

229 404 408 445 Suscepisti

838 437 894 471 12.
920 439 1001 480 Ave,
1028 443 1143 481 mater,

968 488 1100 520 laetaris
1125 488 1204 532 filio,

920 536 980 577 Qui
1008 537 1048 569 de
1073 546 1130 569 suo

277 453 318 485 de
342 457 454 487 saneto
480 454 598 495 spiritu

226 501 369 535 Verbum
395 512 512 536 sanans

274 560 334 583 nos
362 551 402 583 de
425 552 569 586 interitu.

970 585 1168 618 descendens
1194 586 1273 619 solio

169 628 200 660 7.
227 629 306 673 Ave,
335 629 455 662 sanctis
920 632 1105 665 Resuscitat

273 678 475 717 praecellens
502 679 658 718 omnibus,
969 682 1009 714 de
1034 683 1123 714 terra
1147 691 1306 724 pauperes

227 725 302 758 Tibi
327 727 465 767 psallam
919 729 963 762 Et
988 730 1045 763 hos
1072 729 1152 762 facit

276 774 321 806 in·
334 774 531 819 nationibus,
967 779 1000 811 in
1027 779 1115 811 caelo
1140 787 1303 820 procereS.

228 822 323 855 Cuius
347 833 447 865 usque

273 871 316 904 ad
341 873 459 906 nubem
484 874 616 915 veritas,

227 919 324 953 Cuius
347 922 502 955 mundum

271 971 425 1011 purgavit
449 970 585 1012 puritas.

836 855 892 890 13.
919 857 1000 895 Ave,
1027 856 1095 889 vita

965 906 1017 938 vel
1043 905 1130 937 salus
1156 905 1331 950 hominum,

918 954 956 986 In
986 963 1048 994 qua
1074 958 1216 998 sperant,

967 1002 1022 1042 qui
1046 1001 1162 1034 timent
1186 1003 1371 1046 Dominum,

165 1045 196 1079 8.
222 1046 303 1087 Ave,
330 1051 434 1080 mater
917 1049 963 1082 Et
986 1058 1054 1093 nos,
1082 1053 1195 1092 mater,

272 1094 350 1138 eius,
377 1106 471 1137 quem
497 1098 641 1130 aemulus
917 1146 944 1178 P
964 1101 998 1130 te
1023 1098 1253 1140 benedicimus‚

224 1143 271 1176 Im
297 1153 317 1175 u
341 1146 431 1177 navit
948 1155 983 1178 er
1029 1156 1102 1179 uam
1128 1156 1205 1180 vere

271 1153 372 1247 graffiis
400 1194 588 1238 discipulus,
678 1232 692 1251 “
966 1156 1083 1229 sagati
1108 1196 1255 1230 vivimus.

251 1250 284 1273 u1
333 1251 369 1274 ro

223 1241 607 1371 {2131301113230'd111ss0re‘2
834 1273 890 1306 ¹4·
917 1272 1007 1354 Avia
1026 1273 1144 1354 tlt&

247 1347 301 1371 aa
324 1348 341 1370 e
365 1349 384 1372 a

271 1348 322 1418 utg
333 1366 408 1420 eum⁷
430 1388 586 1422 traderet.
919 1369 1137 1459 Οοὲἒῖἓῗὲἒῃε
1163 1419 1324 1459 lacrimas,

164 1464 196 1498 9.
221 1467 304 1507 Ave,
329 1465 422 1506 virga
919 1468 983 1500 Per
1007 1469 1040 1499 te
1064 1467 1177 1500 mortis

272 1513 402 1546 virtutis
425 1514 567 1556 Domini,
967 1518 1057 1548 actus
1082 1516 1131 1547 sic
1157 1525 1295 1560 caveam,

270 1562 310 1594 'm
333 1572 364 1594 m
390 1572 425 1595 re
475 1572 513 1595 en
920 1564 965 1597 Ut
988 1565 1022 1596 in
1042 1566 1133 1596 terra

224 1562 582 1653 aniizutemdgogini,
966 1613 1109 1663 vivorum
1134 1614 1289 1654 placeam.

220 1660 355 1742 ρυὲἓῗέ
368 1663 540 1742 ὶξὲξξθεΐυῐη
835 1691 893 1724 15·
919 1692 999 1736 Ave>
1026 1691 1141 1723 mundi

220 1757 259 1790 In
284 1759 318 1789 ,ΕΘ
341 1758 421 1792 fem-13
962 1740 1080 1773 tollens
1106 1741 1247 1782 piacula,

268 1815 386 1839 novum
411 1808 610 1850 mysterium.
915 1788 991 1821 Mea
1015 1798 1140 1844 ΥΨΉΡΘΞ

962 1837 1079 1880 Mam,
1108 1839 1247 1879 vincula,

136 1883 193 1918 10.
219 1884 302 1926 Ave,
329 1884 406 1918 data
914 1886 959 1918 Et
983 1886 1122 1919 Domino

267 1933 360 1966 nobis
386 1934 562 1975 hereditas,
964 1934 1073 1968 cordis
1098 1935 1255 1969 laetitiam

220 1981 371 2015 Gloriosa
914 1983 1093 2017 Immolabo

269 2031 357 2064 cuius
383 2030 566 2065 fecunditas
963 2036 995 2065 et
1019 2032 1125 2066 laudis
1150 2034 1300 2067 hostiam.

218 2080 337 2113 Escam
362 2081 456 2114 dedit

265 2128 372 2163 Deum
397 2129 595 2173 timentibus,

218 2179 312 2212 Vitae
336 2188 454 2221 panem

264 2228 491 2262 esurientibus.

831 2112 887 2145 16.
914 2112 995 2154 Ave,
1022 2111 1123 2153 virgo,

964 2161 1076 2201 regina
1101 2161 1233 2202 saeculi,

912 2209 960 2241 Te
987 2209 1173 2242 collaudant

961 2260 1073 2299 gentes
1098 2259 1130 2289 et
1150 2257 1274 2299 populi,

132 2306 188 2341 11.
215 2306 296 2351 Ave,
326 2306 450 2349 domus,
913 2307 998 2347 Quos
1022 2305 1111 2339 illius

263 2356 297 2389 in
324 2366 386 2397 qua
413 2355 547 2391 divitiae
960 2355 1098 2389 salvavit
1125 2355 1255 2398 caritas,

213 2405 397 2441 Lamerunt
913 2404 1010 2437 Guius
1035 2406 1145 2437 manet

264 2454 413 2488 caelestis
439 2454 575 2497 gratiae,
959 2453 994 2486 in
1020 2461 1133 2488 aevum
1159 2453 1292 2487 verit-as,
