1655 2726
206 201 261 235 13.

209 470 263 504 14.

212 742 266 776 15.

214 1014 268 1046 16.

219 1673 274 1706 22.

222 1942 278 1975 23.

222 2213 275 2245 24.

719 107 977 142 —238—

289 200 395 241 Salve,
424 200 528 234 dulcis
555 201 662 234 cordis
690 203 782 243 risus,

289 249 339 281 Tu
366 258 399 281 03
426 258 520 281 verus
546 250 727 291 paradisus,

289 296 352 330 Per
377 300 410 329 te
435 297 572 329 mundus
599 299 648 329 est.
672 298 809 341 gavisus,

288 344 340 378 De
364 348 399 377 te
423 348 513 377 ortus
541 345 615 377 (111111
645 347 694 376 031
718 346 805 378 visus

338 393 505 425 Abraham
529 393 687 426 caelestis.

293 469 400 510 Salve,
427 470 508 503 odor
532 469 760 508 balsamorum,

292 518 379 557 Quae
404 517 530 551 vocaris
556 527 631 550 rosa
652 516 776 561 florum,

292 566 343 600 De
367 569 401 599 te
427 566 516 599 chori
541 566 727 607 angelorum

292 615 457 648 Mirantur
483 619 516 647 et.
539 615 740 658 populorum,

342 664 404 696 Est
429 664 593 705 scriptura
617 663 720 696 testis.

296 740 403 782 Salve,
431 751 449 773 0
475 741 598 773 orantis
625 741 715 785 vitta,

296 789 403 831 Salve,
430 790 513 822 mira
537 789 705 831 magarita,

296 838 369 871 Duc
393 847 452 871 nos
478 838 520 871 ad
546 846 687 878 superna
711 837 783 878 sita,

294 886 362 920 Ubi
387 889 436 919 est
459 890 593 919 aeterna
618 887 684 919 vita,

345 936 552 975 Tempestate
578 943 700 968 carens¹

294 1012 399 1056 Salve,
428 1012 538 1053 sponsi
563 1015 599 1044 tu
624 1011 776 1052 0311οο110,

298 1060 359 1102 Τ11,
377 1069 460 1101 quae
476 1068 612 1101 pronum
634 1060 733 1092 habes
751 1060 835 1091 velle

301 1107 390 1140 Caeli
415 1117 472 1140 nos
500 1107 609 1140 cibare
632 1108 737 1149 melle,

302 1155 401 1188 Labis
428 1155 518 1188 nefas
543 1165 617 1188 mox
642 1155 773 1197 repelle,

348 1205 411 1236 Per
437 1212 530 1243 quam
557 1212 647 1235 mens
666 1206 714 1235 est
731 1211 835 1234 arens.

832 1316 891 1349 HI.

268 1431 275 1438 ,
303 1402 407 1446 Salve,
435 1412 559 1441 gemma
585 1413 602 1435 0
628 1411 832 1445 gemmarum,

300 1451 402 1483 Tuum
437 1460 550 1483 nomen
578 1451 700 1482 cunetis
727 1459 832 1482 carum

302 1498 341 1531 111
368 1499 462 1531 dulce
486 1499 585 1531 vertit
610 1507 752 1531 amarum

301 1547 345 1579 Et
369 1547 530 1586 impurum
556 1545 635 1579 facit
660 1547 792 1587 clarum,

349 1594 440 1627 Haec
463 1597 539 1627 sunt
561 1595 645 1627 mira
669 1603 756 1627 vere.

302 1672 408 1714 Salve,
432 1672 543 1704 Aaron
569 1670 686 1704 florens
703 1672 835 1712 lignum,

302 1719 349 1752 Te
362 1722 598 1759 praemonstrat
611 1720 690 1752 caeli
701 1720 835 1763 signum,

301 1767 466 1800 Laborare
491 1772 526 1799 tu
551 1769 745 1808 malignum:

307 1814 507 1857 Computasti
533 1819 566 1847 01
589 1816 755 1856 indignum

351 1864 414 1896 Pro
439 1864 562 1897 labenti
587 1872 671 1897 aere.

306 1941 411 1982 Salve,
440 1943 563 1974 caelum
588 1944 723 1981 tangens
739 1942 835 1986 scala,

303 1989 352 2022 Tu
378 1989 526 2030 operiens
552 1998 585 2021 es
611 1990 704 2033 mala,

305 2038 392 2076 Quae
419 2037 578 2070 dederunt
601 2037 695 2070 Adae
719 2038 813 2077 mala,

303 2085 363 2128 Da,
390 2089 427 2118 111
450 2089 505 2118 1113
529 2095 615 2118 1111110
637 2086 695 2118 sub
722 2086 774 2119 ala

353 2133 480 2166 Stemus
529 2133 563 2166 111
590 2143 732 2167 censura.

305 2212 412 2254 Salve,
438 2213 509 2244 veri
533 2212 610 2244 solis
635 2214 718 2252 rota,

305 2260 351 2294 Es
376 2262 409 2294 in
435 2264 542 2293 mente
566 2260 687 2293 munda
711 2263 789 2303 tota,

305 2308 530 2342 Famulantum
552 2309 631 2341 tolle
656 2312 732 2341 vota

306 2356 350 2390 Et
375 2366 558 2391 aerumnam
584 2361 727 2390 nostram
752 2360 828 2390 nota

352 2407 490 2448 Propter
514 2404 675 2439 adfutura.

896 206 950 238 17.
976 204 1079 249 Salve,
1108 204 1265 238 castitatis
1290 203 1378 243 villa,

902 469 956 505 18.

907 741 960 774 19.

909 1012 963 1044 20.

907 1404 962 1436 25.

908 1673 962 1706 26.

910 1941 964 1975 27.

911 2214 966 2246 28.

978 254 1027 285 Τ11
1053 263 1085 286 03
1110 262 1187 286 vere
1213 253 1303 293 virga
1327 251 1397 293 illa,

978 301 1078 340 Quam
1105 302 1207 334 divini
1231 300 1314 333 roris
1340 299 1430 332 stilla

980 349 1180 382 Fecuuclavit
1205 353 1237 382 et
1262 348 1406 380 3011111113

1026 396 1181 429 Flaminis
1206 397 1361 430 incendit.

983 472 1087 515 Salve,
1114 474 1296 512 reparatrix
1321 474 1411 515 pacis

983 518 1237 561 Indeficiensque
1261 523 1351 563 satis,

985 567 1035 599 Tu
1059 575 1092 599 es
1118 567 1226 600 fervor
1250 570 1367 602 ardens
1393 570 1471 601 satis

988 614 1067 647 Cum
1093 615 1219 654 virtute,
1245 618 1328 656 quod
1354 617 1481 656 rapacis

1035 661 1120 702 Lupi
1145 660 1223 695 faux
1246 663 1294 695 nil
1317 665 1458 703 prendit.

987 739 1094 781 Salve²
1121 739 1239 772 rubens
1265 749 1283 772 o
1306 749 1434 781 aurora,

989 787 1095 830 Salve,
1120 787 1215 820 nimis
1241 796 1259 820 o
1287 788 1413 829 decora,

988 837 1073 869 Reos
1097 840 1174 869 tunc
1198 837 1231 868 in
1256 837 1368 868 mortis
1393 836 1475 868 hora

990 884 1146 917 Transfer
1180 894 1304 917 sursum
1331 884 1401 917 sine
1425 893 1525 917 mora.

1036 932 1083 965 Ut
1108 934 1176 965 laus
1203 936 1258 965 tua
1284 936 1418 965 0103031.

991 1010 1096 1053 Salve,
1125 1009 1213 1050 virgo
1239 1009 1309 1041 sine
1332 1018 1422 1051 pare,

990 1058 1095 1101 Salve,
1118 1065 1260 1089 summae
1279 1066 1418 1089 marmor
1437 1066 1523 1095 3130,

991 1106 1038 1137 Το
1063 1105 1185 1137 creavit
1209 1114 1265 1137 rex
1291 1109 1356 1137 tam
1381 1114 1491 1145 gnare,

990 1152 1091 1185 Primi
1116 1157 1152 1184 ut
1176 1154 1319 1194 parentis
1344 1153 1438 1185 thare

1040 1200 1102 1232 Per
1127 1204 1159 1232 te
1185 1205 1366 1233 evanescat.

990 1403 1095 1443 Salve,
1122 1410 1196 1435 vere
1220 1403 1324 1436 sciens
1349 1405 1431 1445 iura,

991 1451 1053 1482 Per
1077 1454 1110 1482 te
1135 1460 1224 1483 mens
1251 1458 1407 1493 purgetur
1434 1454 1516 1486 dura

989 1499 1027 1530 In
1055 1498 1233 1539 effectuque
1257 1500 1301 1531 sit
1324 1510 1417 1540 pura,

991 1546 1074 1580 Esse
1097 1551 1133 1579 ut
1158 1552 1263 1587 possn:
1285 1557 1411 1590 3001113,

1038 1594 1147 1635 ipsam
1172 1605 1213 1628 ne
1237 1597 1309 1637 quis
1333 1598 1453 1631 laedat..

994 1672 1101 1715 Salve,
1127 1673 1244 1706 nobilis
1270 1675 1390 1718 regina,

992 1720 1090 1753 Nulla
1115 1730 1209 1762 quam
1236 1725 1337 1754 terret
1362 1724 1466 1764 ruina,

991 1768 1041 1800 Tu
1065 1773 1245 1802 sanctorum
1275 1779 1307 1802 es
1333 1772 1469 1815 piscina,

990 1816 1042 1848 De
1065 1826 1128 1857 qua
1152 1826 1230 1851 vera
1255 1819 1417 1853 medicina

1039 1864 1141 1898 Nobis
1167 1867 1343 1901 arridebat.

992 1941 1098 1982 Salve,
1124 1943 1219 1976 nimis
1243 1944 1338 1977 firma
1363 1947 1473 1991 vectis,

992 1990 1041 2022 Tu
1065 1991 1188 2023 resistis
1214 1993 1396 2026 retroiectis

993 2038 1192 2071 Daemonum
1217 2043 1379 2081 protervis
1404 2044 1502 2076 sectis

992 2086 1148 2127 Ipsosque
1172 2088 1307 2122 horrore
1332 2092 1447 2131 plectis

1041 2134 1188 2177 Nomine,
1213 2137 1332 2171 Maria.

994 2212 1101 2253 Salve,
1126 2222 1144 2245 ο
1170 2214 1279 2247 11100113
1305 2216 1442 2255 lunaris.

994 2261 1044 2292 Tu
1068 2261 1102 2293 in
1128 2263 1224 2295 terris
1250 2265 1395 2304 operaris

992 2309 1090 2349 Quasi
1114 2309 1225 2343 radius
1251 2313 1377 2358 3013113,

997 2357 1115 2390 Merito
1142 2362 1176 2390 tu
1202 2361 1379 2401 appellaris

1044 2405 1174 2440 Summa
1198 2408 1390 2446 hierarchia.
