1655 2726
706 117 969 152 —124—

173 213 231 245 42.
244 212 391 254 Domine,
418 213 590 246 orationem

246 261 354 301 Atque
379 260 632 294 obsecrationem

291 308 398 341 Meam
422 310 555 350 percipe
580 309 709 342 auribus

244 357 367 390 Videns
392 357 646 398 persecutionem

242 406 350 445 Atque
376 404 623 447 tribulationem,

290 453 391 493 Quam
415 454 521 494 patior
547 454 588 486 ab
613 454 772 495 hostibus,

244 503 282 534 In
307 501 564 534 miserationibus

243 549 320 582 Tuis
345 549 608 583 misericordibus

291 597 404 630 Habeo
436 598 647 639 devotionem,

245 647 293 679 Ut
315 646 408 678 malis
435 646 631 679 irruentibus

241 694 305 727 Per
328 696 363 725 te
385 693 503 734 fugatis
529 695 674 727 omnibus

289 741 355 775 Des
379 742 458 774 mihi
481 742 704 775 salvationem.

173 819 229 851 43.
244 818 450 859 Benedictus,
478 818 532 859 qui
556 818 713 859 proelium

243 867 352 899 Meum
378 866 446 907 agis
473 870 504 899 et
528 866 692 899 brachium

292 914 414 947 Contra
436 914 546 947 hostes
569 924 657 948 meos
682 915 800 958 tendis,

245 962 305 1002 Qui
333 971 385 994 eos
411 963 453 995 ad
478 962 644 1004 fumigium

242 1010 361 1050 Tangis
388 1012 420 1042 et
443 1011 484 1043 ad
509 1012 702 1051 incendium,

289 1057 374 1090 Dum
400 1058 577 1091 obstinatos
601 1059 786 1100 perpendis,

241 1106 466 1146 Propitiusque
493 1107 661 1140 descendis

242 1154 288 1186 Et
311 1154 450 1195 benigne
475 1157 507 1186 te
531 1155 673 1188 ostendis

290 1200 419 1234 Cunctis
446 1211 516 1235 esse
539 1202 708 1245 refugium,

241 1250 301 1290 Qui
325 1259 385 1290 pro
412 1251 515 1291 culpis
540 1251 738 1292 corrigendis

239 1297 284 1329 Et
307 1297 340 1328 in
367 1297 438 1329 aliis
464 1299 595 1338 agendis

290 1345 336 1378 Te
362 1350 519 1386 quaerunt
542 1347 576 1379 in
602 1346 764 1379 auxilium.

168 1422 224 1455 44.
238 1421 398 1454 Exaltabo
423 1423 456 1453 te
477 1422 626 1454 laudibus

239 1469 317 1501 Tam
345 1469 457 1501 diebus
484 1479 577 1511 quam
602 1470 748 1503 noctibus

290 1517 481 1550 Glorificans
504 1527 619 1550 nomen
645 1521 733 1550 tuum

239 1565 328 1598 Totis
354 1566 478 1598 animae
503 1566 635 1608 viribus,

239 1613 405 1655 Potentiis,
433 1614 598 1647 conatibus

287 1662 421 1702 Semper
446 1665 478 1693 et
501 1663 533 1695 in
559 1665 758 1703 perpetuum,

239 1709 319 1742 Cum
345 1718 442 1742 causa
464 1710 509 1742 sis
534 1709 712 1752 eflectum,

237 1757 306 1791 Eos
333 1767 450 1790 ornans
476 1767 534 1798 per
558 1761 698 1791 mutuum

285 1806 425 1838 Variatis
453 1806 632 1848 decoribus,

239 1854 408 1895 Nunquam
434 1863 493 1896 per
518 1854 751 1888 discontinuum

237 1902 283 1935 Te
310 1903 427 1935 debent
452 1903 593 1935 radicem
618 1912 710 1935 suum

286 1951 408 1984 Laudis
436 1951 513 1983 dare
537 1951 745 1993 neglectibuS.

166 2040 223 2071 45.
237 2037 351 2070 Lauda
377 2047 452 2080 ergo
474 2039 679 2079 pauperrima

236 2085 410 2119 Dominum
434 2095 505 2119 mea
528 2087 634 2119 anima

283 2134 378 2167 Nunc
403 2138 444 2176 et,
471 2135 622 2175 quamdiu
647 2133 749 2177 fuero,

235 2182 399 2223 Quidquid
426 2192 469 2223 es,
496 2193 516 2216 a
541 2192 637 2216 causa
660 2183 766 2223 prima

235 2230 413 2264 Nobilitate
437 2232 577 2265 maxima

283 2280 331 2312 Te
355 2281 501 2313 eductam
530 2281 716 2321 considero3

232 2327 320 2369 Ergo
345 2329 424 2361 mihi
449 2338 508 2361 vae
530 2329 658 2370 misero,

233 2375 268 2408 Si
292 2384 344 2408 me
369 2377 453 2418 geris
480 2381 510 2410 et
535 2379 568 2409 te
593 2386 668 2419 gero

280 2425 335 2458 Ad
360 2425 481 2459 inferni
504 2426 688 2467 novissima,

938 215 1008 247 Nec
1032 216 1100 256 agis
1126 215 1237 248 laudes
1263 222 1390 254 supero,

938 262 997 303 Qui
1022 265 1055 295 te
1078 266 1212 304 portans
1237 263 1270 294 in
1295 263 1428 295 humero

982 310 1048 344 Pro
1073 315 1106 344 te
1131 310 1235 344 factus
1261 313 1308 343 est
1333 310 1472 343 victima.

864 379 920 412 46.
935 378 1082 411 Laudate
1106 378 1219 420 Deum,
1247 378 1393 419 quoniam

859 975 914 1008 47.

856 1578 912 1610 48.

932 426 987 460 Ad
1017 429 1083 460 eius
1108 426 1196 460 facta
1219 427 1352 468 gloriam

981 475 1126 508 Iucunda
1152 479 1201 508 est
1222 475 1376 515 laudatio,

933 523 997 555 Hic
1020 532 1136 556 sanans
1161 526 1299 555 mentem
1324 523 1464 554 sauciam

933 572 1098 611 Dispersis
1122 571 1235 605 reddit
1258 571 1407 611 patriam,

978 619 1018 652 In
1045 619 1159 660 quibus
1186 622 1234 652 est
1260 619 1429 660 contriti03

928 666 1008 699 Eius
1035 670 1084 699 est
1107 668 1284 700 numeratio

934 714 1106 748 Stellarum
1132 719 1165 748 et
1188 716 1314 749 vocatio

980 763 1044 795 Per
1068 766 1168 796 totam
1192 763 1420 805 peripheriam,

930 811 1076 844 Motuum
1102 812 1272 852 ordinatio,

930 858 1111 891 Effectuum
1138 860 1286 902 cognitio,

981 907 1043 947 Qui
1065 911 1159 948 parat
1183 912 1292 940 terrae
1314 908 1468 949 pluviam.

930 974 1053 1016 Lauda,
1079 974 1263 1016 Ierusalem,
1290 975 1387 1007 talem

930 1021 1097 1054 Artificem
1121 1024 1335 1063 supernalem,

977 1070 1037 1109 Qui
1062 1069 1222 1103 confortat
1246 1080 1334 1104 seras
1360 1074 1442 1112 tuaS‚

930 1117 1053 1160 Lauda,
1081 1118 1167 1160 Sion,
1195 1119 1391 1152 aeternalem

930 1165 1102 1198 Dominum
1128 1170 1160 1198 et
1181 1167 1392 1200 immortalem

974 1213 1018 1246 Et
1043 1215 1086 1247 ad
1109 1214 1307 1248 laudandum
1333 1224 1430 1249 exuas

929 1261 1049 1294 Sordes
1075 1271 1183 1295 omnes
1210 1265 1242 1294 et
1268 1264 1372 1296 diluas

929 1309 1081 1350 Tuncque
1107 1311 1221 1343 devote
1245 1311 1360 1344 induas

975 1357 1022 1390 Te
1028 1360 1234 1392 monstrando
1243 1360 1352 1401 talem,
1360 1361 1486 1401 qualem

929 1406 1065 1446 Oportet
1089 1407 1131 1438 ad
1157 1407 1302 1440 assiduas

926 1453 1054 1486 Laudes
1080 1457 1175 1495 atque
1198 1460 1371 1496 perpetuas

975 1501 1089 1534 Virum
1115 1511 1184 1535 esse
1209 1504 1399 1544 spiritalem.

927 1577 1073 1611 Laudate
1097 1578 1269 1613 Dominum
1295 1582 1376 1615 caeli

925 1626 963 1658 In
988 1628 1148 1660 erectione
1173 1628 1237 1661 veli

974 1674 1067 1707 Vitae
1091 1677 1203 1709 mundi
1227 1677 1391 1719 signifera,

924 1722 1071 1756 Laudate
1097 1733 1177 1765 eum,
1204 1726 1321 1768 angeli,

926 1770 1069 1804 Virtutes
1096 1775 1128 1803 et
1152 1773 1337 1815 archangeli

972 1818 1019 1852 Et
1043 1823 1158 1853 cuncta
1182 1823 1250 1854 eius
1276 1831 1386 1865 opera,

923 1866 1073 1900 Serviant
1097 1869 1125 1900 ei
1150 1870 1268 1911 sidera,

925 1914 1064 1958 Caelum,
1091 1919 1228 1951 mundus
1255 1922 1287 1951 et
1312 1923 1430 1963 cetera,

970 1963 1016 1997 Et
1041 1966 1218 1999 committat
1242 1967 1401 2008 Raphaeli

925 2011 969 2044 Ut
994 2017 1086 2045 sanet
1109 2016 1225 2047 mentis
1251 2017 1385 2049 vulnera

924 2059 988 2101 Sic,
1014 2065 1052 2092 ut
1076 2064 1242 2102 captantes
1267 2074 1385 2106 supera

976 2108 1245 2144 Commendentur
1269 2113 1433 2150 Michaeli.

853 2185 909 2218 49.
926 2185 1060 2218 Cantate
1084 2187 1153 2220 Deo
1179 2190 1338 2223 canticum

926 2234 1019 2266 Omni
1044 2235 1139 2268 laude
1160 2237 1361 2279 magnificum

970 2284 1010 2316 111
1031 2287 1216 2318 sanctorum
1241 2288 1387 2330 ecclesia,

923 2330 989 2363 Det
1013 2331 1115 2365 Israel
1139 2333 1346 2374 hymnificum

921 2379 1063 2412 Tubilum
1088 2383 1120 2414 et
1140 2384 1347 2422 prosodicum

968 2428 1221 2472 Concrepantem
1246 2435 1405 2477 melodia3
