1655 2726
256 244 312 276 45.

259 569 315 602 46.

258 893 316 925 47.

255 1221 311 1254 48.

259 1545 314 1578 49.

259 2211 315 2245 51.

786 139 1022 175 -53-

340 241 463 278 Gaude,
489 244 601 280 mater,
627 242 724 279 atque
747 247 872 270 sursum

341 290 435 323 Vitae
459 291 591 321 nostrae
614 288 686 319 leva
713 295 837 317 cursum

384 337 439 369 Ad
463 339 587 369 montes
612 334 789 372 aethereos,

338 385 429 418 Assit
453 384 545 417 nobis
568 383 645 415 inde
670 382 767 422 salus,

339 432 437 466 Unde
461 432 528 464 ruit
550 431 703 472 princeps
729 429 831 461 malus

384 480 424 513 In
448 478 528 513 fines
555 481 724 511 tartareos

343 566 466 608 Gaude,
493 575 574 607 quae
598 566 631 597 in
656 564 737 597 lucis
763 564 854 595 domo

341 614 394 647 Sic
420 615 535 655 eluces,
561 616 598 645 ut
622 616 652 644 et
676 612 768 644 homo

382 662 427 694 Et
451 663 582 703 angelus
610 660 733 701 pariter

341 710 486 743 Gaudeat
512 715 545 742 te
569 708 771 749 praeminere

341 759 377 790 In
403 758 493 790 atriis
519 758 599 790 lucis
625 765 701 789 vere

387 805 576 839 Laetantem
602 803 796 845 perenniter.

343 891 466 934 Gaude,
481 901 575 932 quam
584 899 681 931 super
691 898 725 922 se
732 889 873 930 gaudent

340 939 532 979 Principari,
560 940 614 980 qui
638 948 701 971 non
728 938 849 970 audent

386 988 451 1020 Res
476 991 590 1028 optare
614 987 756 1026 meritas,

340 1036 401 1075 Qui
425 1044 460 1067 se
484 1045 581 1077 super
605 1044 640 1067 se
664 1035 808 1066 levantes

342 1084 483 1116 Cernunt
509 1085 550 1116 ad
575 1087 609 1115 te
632 1083 841 1123 suspirantes,

386 1132 472 1172 Quae
496 1133 530 1164 in
556 1132 652 1164 caelis
678 1130 814 1163 habitas.

340 1218 464 1259 Gaude,
491 1221 594 1251 mater
618 1217 806 1256 reverenda,

338 1267 427 1299 Tuae
451 1267 537 1307 proli
560 1275 618 1298 nos
645 1265 841 1304 commenda,

387 1314 435 1347 Ut
458 1316 491 1347 in
517 1314 609 1346 nobis
638 1316 777 1355 maneat,

341 1362 389 1394 Ne
414 1371 472 1394 nos
498 1366 592 1403 queat
617 1361 756 1401 irretire,

340 1411 399 1450 Qui
426 1411 595 1443 Iordanem
622 1409 759 1441 circuire

388 1458 487 1499 Solet,
513 1461 550 1490 ut
574 1458 755 1490 absorbeat.

345 1543 468 1586 Gaude,
489 1548 594 1577 custos
612 1547 741 1576 sanctae
759 1545 872 1585 gentis,

343 1592 463 1625 Civitas
489 1593 725 1636 omnipotentis,

392 1640 472 1680 Spes
499 1649 591 1681 opem
616 1641 845 1681 quaerentium,

340 1689 371 1721 A
397 1697 460 1729 qua
483 1690 577 1729 longo
603 1689 704 1721 omnis
730 1689 828 1729 labes,

342 1737 430 1777 Quae
454 1737 652 1769 antemurale
674 1737 773 1769 habes

390 1785 500 1825 Ipsum
525 1788 665 1817 montem
690 1785 854 1820 montium.

343 1871 465 1913 Gaude,
493 1872 647 1912 splendor
670 1871 873 1914 firmamenti,

345 1920 460 1954 Cor-dis
488 1929 580 1952 curas
605 1920 780 1952 turbulenti

393 1968 589 2001 Convertens
613 1969 647 2000 in
673 1969 822 2009 gaudium

342 2017 568 2050 Exsultatione
591 2017 689 2057 plena

342 2065 385 2098 Et
412 2065 557 2105 perenni,
583 2074 641 2097 nos
667 2073 781 2096 serena

388 2114 574 2147 Perducens
601 2113 643 2145 ad
668 2112 826 2147 bravium.

343 2210 465 2251 Gaude,
493 2210 576 2243 cella
599 2209 845 2250 pigmentorum,

343 2259 498 2292 Paracliti
522 2262 755 2299 unguentorum

391 2307 588 2341 Redundans
614 2305 835 2346 fragrantiam,

340 2355 465 2389 Domus
491 2365 590 2396 supra
612 2358 738 2395 petram
763 2352 837 2395 fixa,

341 2405 443 2445 Quam
468 2403 652 2438 aedificavit
672 2403 745 2443 ipsa

388 2452 460 2488 Sibi
485 2453 654 2494 sapientia.

946 239 1001 271 52.

943 563 998 595 53.

944 889 998 922 54.

945 1218 998 1250 55.

946 1546 1001 1578 56.

949 1873 1003 1905 57.

950 2212 1005 2244 58.

1029 235 1152 274 Gaude,
1180 231 1376 265 celebranda
1398 229 1475 271 piis,

1027 283 1075 315 Te
1101 282 1237 315 ducente
1262 280 1315 321 qui
1340 279 1375 311 in
1399 277 1462 309 viis

1074 329 1252 362 Ambulant
1277 325 1469 360 caelestibus

1026 378 1071 411 Et
1096 379 1248 409 exercent
1272 384 1352 415 opus
1380 373 1513 412 clarum,

1026 424 1205 458 Reficiendi
1227 432 1356 456 suarum

1073 473 1228 505 Mannum
1254 469 1432 503 laboribus,

1028 559 1151 599 Gaude,
1181 558 1279 598 virgo,
1307 564 1389 597 quae
1412 555 1447 587 in
1472 562 1548 586 arce

1028 607 1116 640 Caeli
1141 615 1267 647 regnas,
1292 605 1401 636 hostes
1428 611 1513 646 arce,

1073 655 1125 687 Ne
1149 655 1220 695 pios
1243 652 1433 693 impediant,

1026 704 1110 743 Quos
1124 703 1324 743 impugnant,
1340 699 1449 732 absint
1457 698 1564 739 modo,

1026 752 1110 791 Quos
1136 754 1246 783 artare
1270 757 1374 781 noxae
1399 748 1485 780 nodo

1075 799 1223 843 Cupiunt,
1250 800 1287 830 ut
1313 796 1453 837 capiant.

1026 887 1150 927 Gaude,
1176 885 1298 918 blanda
1321 883 1525 924 verecundis,

1023 936 1078 968 Ad
1104 938 1137 967 te
1163 935 1281 966 clamat
1308 933 1348 965 de
1372 930 1543 972 profundis

1074 984 1256 1017 Conventus
1282 980 1438 1020 fidelium,

1025 1032 1114 1065 Audi
1141 1040 1212 1063 cum
1237 1030 1350 1063 favore
1375 1037 1488 1061 vocem

1027 1079 1230 1113 Clamitantis
1257 1081 1289 1110 et
1313 1077 1456 1109 ferocem

1075 1128 1190 1160 Sterne
1215 1125 1450 1160 adversarium.

1027 1215 1150 1258 Gaude,
1172 1223 1232 1254 per
1250 1214 1332 1246 haec
1349 1212 1463 1246 mundi
1479 1211 1565 1244 freta

1026 1264 1201 1296 Transiens
1226 1272 1292 1295 non
1317 1262 1463 1294 obsoleta

1076 1312 1235 1344 Vitiorum
1259 1310 1394 1343 maculis

1027 1359 1073 1392 Et
1096 1360 1131 1392 in
1155 1362 1242 1392 statu
1266 1362 1332 1392 tam
1358 1358 1454 1391 beato

1030 1408 1137 1441 Corde
1162 1417 1276 1439 carens
1303 1407 1445 1439 exaltato

1075 1457 1121 1489 Et
1145 1457 1238 1489 elatis
1265 1456 1377 1488 oculis.

1029 1543 1152 1585 Gaude,
1178 1543 1265 1575 mitis
1292 1546 1325 1575 et
1350 1543 1469 1584 quieta,

1026 1592 1113 1625 Mire
1137 1600 1265 1632 semper
1290 1594 1460 1624 mansueta

1075 1641 1222 1673 Vivendo
1247 1640 1391 1681 pacifice,

1028 1689 1089 1721 Tui
1114 1697 1291 1721 memorum
1316 1691 1475 1721 memento

1026 1737 1072 1769 Et
1097 1737 1229 1769 caelesti
1255 1737 1481 1777 supplemento

1075 1785 1135 1818 Pia
1160 1788 1236 1818 vota
1260 1784 1391 1826 perfice.

1033 1872 1156 1912 Gaude,
1185 1874 1273 1905 cuius
1300 1875 1349 1905 est
1373 1872 1552 1906 fomentum

1030 1920 1121 1953 Sicut
1146 1922 1256 1954 Aaron
1283 1925 1479 1963 unguentum

1077 1969 1145 2002 Piis
1171 1971 1256 2002 inter
1280 1970 1408 2011 impios,

1029 2018 1061 2049 A
1088 2017 1237 2050 draconis
1265 2019 1296 2050 vi
1320 2022 1475 2059 proterva

1031 2065 1131 2098 Simul
1157 2066 1339 2099 habitantes
1365 2077 1470 2111 serva,

1080 2115 1181 2148 Serva
1206 2115 1379 2150 solitarios.

1034 2211 1156 2255 Gaude,
1185 2221 1266 2253 quae
1290 2212 1338 2244 sic
1364 2213 1505 2253 expiasti

1032 2259 1190 2292 Mundum
1216 2269 1301 2293 noxa
1324 2262 1532 2303 protoplasti,

1079 2308 1127 2341 Ut
1150 2310 1184 2341 in
1212 2308 1272 2341 Dei
1297 2307 1374 2353 filio,

1034 2356 1096 2388 Per
1120 2360 1152 2388 te
1178 2355 1264 2389 facto
1291 2360 1401 2390 nostro
1429 2358 1547 2404 fratre,

1032 2403 1135 2436 Detur
1160 2406 1245 2437 natis
1266 2405 1339 2438 Eva
1361 2410 1467 2440 matre

1080 2453 1184 2495 Regni
1207 2454 1401 2488 benedictio.
