1655 2726
725 123 986 159 -199—

185 216 290 249 1253.
305 217 415 250 Iuravi
442 221 474 251 et
498 229 563 253 non
589 222 687 263 tenui,
886 224 986 257 1259.
1003 224 1141 257 Chorum
1168 224 1303 257 credens
1329 225 1516 265 angelorum

306 265 370 299 Sed
397 267 516 300 oblitus
542 267 647 302 factus
671 270 735 302 Dei
1001 273 1057 312 Te,
1084 273 1200 315 Maria,
1229 273 1460 305 transcendere

305 315 377 348 Cito
405 324 534 348 carnem
559 327 623 350 non
649 319 759 359 respui
1000 321 1045 353 Et
1060 321 1151 354 iuxta
1167 324 1310 353 sanctum
1330 325 1515 354 sanctorum

303 363 435 396 Intrans
459 364 577 396 lectum
603 367 698 398 strati
723 367 796 399 mei.
1003 369 1126 408 Corpus
1153 373 1239 401 tuum
1267 370 1415 403 existere.

184 429 290 464 1254.
303 430 373 463 Mei
398 433 539 465 oderunt
564 433 650 466 oculi
882 437 1175 470 1260.Hereditas
1200 437 1281 469 haec
1309 439 1357 469 est
1382 440 1449 478 tua,

307 479 460 520 Corporis
486 483 729 525 surrectionem,
1000 485 1047 517 Ut
1071 486 1183 525 regina
1207 486 1251 517 sis
1280 485 1449 529 caelorum,

304 527 368 561 Sed
394 528 451 562 lux
476 529 522 562 eis
550 530 690 563 cubiculi
1002 533 1060 565 Cui
1086 534 1192 565 omnia
1217 534 1307 566 dedit
1332 543 1390 565 sua

307 575 429 609 Aufert
455 578 726 612 dormitationem.
1000 581 1101 620 Iesus,
1120 590 1179 613 rex
1190 590 1302 622 regum
1317 586 1515 614 cunctorum.

187 644 292 678 1255.
309 644 579 679 Dormitationem
605 647 721 679 mentis
883 648 1125 680 1261.H0rum
1150 656 1322 680 memorem
1347 648 1469 688 perfice

305 694 346 725 Vi
371 692 486 734 fugans
512 694 677 735 orationis,
999 697 1064 729 Per
1088 697 1262 737 Augustini
1286 697 1413 740 merita,

305 742 395 773 Arca
420 741 562 775 foederis
585 743 738 783 potentis,
1000 744 1060 784 Qui
1085 747 1127 785 te,
1154 743 1271 785 Maria,
1298 745 1429 785 publice

302 791 390 821 Arca
415 790 661 823 benedictionis
1000 792 1113 824 Laude
1137 793 1330 833 praedicant
1353 793 1477 828 inclita.

183 856 288 889 1256.
303 857 545 890 Benedictionis
573 859 667 890 dator
883 860 985 892 1262.
998 860 1112 899 Itaque
1137 860 1200 892 iam
1225 859 1291 892 fide
1315 861 1371 900 pia

303 905 350 937 Te
374 905 476 938 iubilo
502 906 566 938 iam
593 906 707 947 erexit,
1000 908 1176 940 Testantur
1201 908 1263 940 viri
1288 909 1418 949 probati

304 953 408 985 Verus
434 954 549 987 matris
575 955 748 988 honoratur
999 957 1272 996 Assumptionem,
1298 956 1415 1000 Maria,

305 1001 443 1033 Carnem
470 1011 559 1034 suam
587 1003 677 1035 caelo
703 1004 794 1035 texit.
1004 1004 1157 1043 Corporis
1184 1005 1232 1035 tui
1256 1005 1385 1039 sacrati.

182 1069 289 1102 1257.
304 1068 400 1102 Texit
427 1072 575 1101 sanctum
594 1079 711 1110 corpus
731 1074 820 1102 tuum
881 1071 984 1104 1263.
1002 1071 1130 1104 Sacrati
1153 1071 1200 1103 tui
1227 1073 1372 1112 corporis

304 1116 396 1149 Stola
416 1118 682 1161 immortalitatiS,
1000 1119 1134 1151 Factam
1157 1120 1426 1152 resurrectionem

304 1165 400 1198 Unde
427 1175 543 1207 eorpus
569 1166 708 1207 sumpsit
728 1176 817 1199 suum
1000 1167 1168 1201 Credimus
1194 1168 1264 1199 sani
1290 1169 1430 1209 pectoris

301 1214 378 1255 Ipse
402 1213 491 1247 Deus
518 1214 675 1247 veritatiS.
998 1215 1059 1247 Tui
1085 1224 1144 1255 per
1170 1215 1383 1249 devotionem.

181 1282 285 1315 1258.
302 1282 459 1315 Veritatis
485 1283 702 1324 praedicator,
878 1284 983 1317 1264.
999 1283 1212 1316 Devotionem
1238 1283 1322 1315 hanc
1347 1287 1475 1317 sectans

296 1331 506 1375 Augustinus,
534 1332 590 1364 lux
619 1333 797 1373 doctorum,
993 1331 1164 1364 Elisabeth
1190 1334 1285 1372 rapta
1310 1341 1447 1376 rursum,

296 1379 401 1411 Huius
426 1379 504 1413 fidei
528 1381 685 1420 probator
996 1380 1120 1420 Corpus
1146 1384 1236 1412 tuum
1260 1380 1344 1413 vidit
1360 1385 1512 1421 spectans

293 1427 359 1460 Per
381 1437 561 1461 sermonem
583 1432 633 1461 est
650 1428 813 1461 decorum.
997 1427 1220 1461 Glorificatum
1246 1430 1310 1461 iam
1336 1438 1472 1462 sursum.

527 1496 632 1529 1265.
649 1496 780 1529 Sursum
816 1505 930 1536 preces
956 1496 999 1528 ad
1022 1500 1056 1528 te
1079 1496 1163 1528 latas

650 1544 737 1577 Offer
760 1547 837 1577 ante
862 1546 936 1577 Iesu
962 1544 1123 1584 thronum,

649 1593 779 1626 Laudes
805 1593 866 1626 tibi
893 1603 969 1634 ergo
996 1596 1104 1635 gratas

650 1641 785 1685 Offerre,
813 1650 899 1684 ecce,
924 1651 1019 1682 quam
1038 1642 1166 1675 bonum.

765 1728 935 1763 CXXXII.

173 1798 279 1832 1266.
292 1797 391 1836 Ecce,
402 1795 812 1838 quambonum,iucundum
874 1798 978 1830 1268.
993 1796 1257 1830 Benedictionem
1281 1797 1415 1829 multam

293 1846 341 1878 Te
366 1845 502 1878 laudare
525 1845 672 1888 sollicite,
997 1846 1093 1886 Virgo
1119 1844 1227 1877 ferens
1253 1846 1294 1878 ad
1320 1846 1485 1887 populum,

297 1895 394 1928 Cuius
424 1903 539 1927 munus
565 1899 615 1926 est
639 1893 812 1928 fecundum
994 1894 1137 1927 Benedic
1164 1902 1265 1926 meam
1291 1894 1436 1927 adultam

295 1943 343 1976 Ut
367 1947 564 1983 unguentum
588 1943 622 1975 in
649 1944 765 1984 capite.
995 1943 1103 1975 Vitam
1128 1951 1228 1984 usque
1252 1942 1286 1975 in
1312 1943 1485 1976 saeculum.

174 2013 278 2046 1267.
296 2011 421 2053 Capite,
448 2020 521 2043 mea
548 2011 673 2053 intima,
877 2012 979 2045 1269.
996 2011 1166 2043 Saeculum
1191 2019 1300 2042 amens
1326 2011 1454 2051 arescit,

293 2059 420 2092 Mariae
447 2059 661 2103 collationem,
995 2058 1509 2101 Cordis,carnisplenumpoenae,

294 2109 359 2141 Per
382 2117 476 2148 quam
501 2107 591 2141 Deus
618 2108 660 2141 ad
681 2108 793 2142 infima
995 2107 1060 2141 Sed
1084 2117 1194 2140 amans
1219 2110 1253 2139 te
1277 2108 1452 2149 requiescit

293 2156 432 2189 Mandat
459 2156 728 2191 benedictionem.
993 2156 1039 2189 Et
1056 2157 1183 2199 crescit,
1207 2164 1292 2197 ecce,
1311 2165 1397 2189 nunc
1415 2157 1507 2191 bene.

749 2233 936 2268 CXXXHI.

172 2303 278 2338 1270.
295 2302 394 2342 Ecce,
422 2311 508 2334 nunc
530 2301 716 2336 benedicite
874 2301 1124 2336 1271.D0mini
1150 2304 1183 2334 et
1207 2302 1293 2333 servi
1317 2301 1440 2343 mundi,

294 2350 434 2383 Sanctae
459 2351 586 2384 Mariae
610 2351 741 2393 virgini,
991 2350 1116 2392 Magni,
1141 2350 1245 2392 parvi,
1272 2350 1359 2394 iusti,
1388 2351 1434 2383 rei

295 2399 413 2432 Grates
441 2400 554 2441 dignas
581 2400 753 2442 rependite
994 2400 1057 2433 Per
1074 2402 1117 2443 te,
1144 2400 1245 2441 virgo,
1272 2403 1361 2432 stant
1377 2399 1510 2433 iucundi

295 2448 391 2489 Huic,
419 2457 528 2481 omnes
555 2450 642 2482 servi
667 2448 809 2482 Domini.
992 2449 1031 2481 111
1060 2448 1153 2480 atriis
1181 2448 1293 2482 domus
1318 2447 1391 2490 Dei,
