1655 2726
675 117 936 153 -147—

139 212 219 247 315.
235 213 427 254 suffragium
454 215 536 248 tanti
562 216 624 249 viri

233 262 334 302 Apud
360 266 392 295 te
418 263 506 305 pleni
531 264 646 305 gratia,

234 310 282 345 Ut
306 311 430 345 valeam
459 312 617 353 exaudiri,

236 361 315 393 Peto
338 369 410 393 cum
434 360 540 393 laudis
565 362 678 402 gloria.

835 216 914 250 316.
932 215 1044 249 Gloria
1069 216 1138 259 tibi,
1168 216 1306 256 domina,

930 265 1017 304 Quae
1041 274 1101 304 per
1125 264 1189 297 iter
1212 263 1384 304 impiorum

931 313 1063 354 Spargis
1091 313 1214 355 gratiae
1239 312 1370 356 semina,

933 360 978 394 Ut
1002 363 1136 394 noscant
1162 362 1230 394 vias
1251 361 1417 393 iustorum.

708 449 899 482 XXXVIII.

139 515 220 548 31¹7.
235 514 330 548 Dixi:
358 524 474 555 ponam
502 515 680 549 custodiam

233 563 280 596 Te
305 563 396 605 mihi,
423 564 509 596 vitae
535 564 707 604 servatrix,

234 613 281 646 Ut
306 614 413 644 autem
439 612 499 644 hoc
525 612 700 654 perficiam,

234 660 285 693 Da
311 663 343 692 te
369 660 481 702 gratis,
508 662 600 702 larga
626 660 744 694 datrix.

141 728 221 762 318.
237 728 356 761 Datrix
382 728 620 769 consolationis,

237 776 356 809 Sancto
381 777 510 809 mittens
536 776 662 817 Ignatio

235 824 346 858 Verba
371 825 575 857 salutationis

235 873 285 905 De
309 873 383 905 Iesu
407 876 461 905 tuo
487 872 565 905 filio.

139 942 218 975 319.
234 940 320 972 Filio
346 943 400 972 tuo
427 939 542 972 offeras

235 989 364 1027 Preces,
390 988 508 1029 Maria,
535 989 648 1020 solitas

233 1037 278 1068 Et
302 1036 410 1068 Iesum
435 1035 528 1068 nobis
551 1037 686 1078 inseras,

233 1084 332 1118 Cuius
358 1084 515 1116 immensa
540 1083 677 1116 bonitas,

138 1154 217 1186 320.
234 1152 368 1185 Bonitas
394 1152 441 1183 tui
467 1150 536 1191 filii,

234 1200 361 1242 Ignatio
389 1200 478 1232 clara
503 1208 563 1241 per
588 1203 630 1243 te,

233 1250 313 1282 Mox
339 1248 389 1281 sui
416 1248 570 1282 desiderii

233 1298 346 1330 Aciem
372 1297 521 1330 ascendit
547 1300 644 1330 certe.

137 1366 218 1399 321.
239 1366 335 1399 Certe
359 1365 527 1405 pulchrum
554 1364 756 1406 miraculum,

235 1414 400 1454 Magnum,
427 1413 560 1445 multum
587 1412 762 1455 laudabile,

236 1462 399 1501 Scriptum
425 1462 499 1494 Iesu
525 1462 715 1495 vocabulum

234 1511 271 1543 In
299 1519 354 1542 cor
379 1511 533 1550 martyris
559 1510 689 1544 humile.

137 1580 217 1612 322.
234 1578 367 1611 Humile
393 1586 448 1610 cor
473 1577 652 1610 revelatum

235 1626 358 1660 Occisis
384 1626 537 1659 membris
564 1627 689 1659 carneis

234 1676 399 1716 Scriptum
427 1678 498 1707 erat
523 1677 556 1707 et
580 1678 728 1708 ornatum

233 1725 308 1757 Iesu
333 1724 438 1756 literis
466 1723 582 1757 aureis.

834 517 914 549 323.
930 515 1006 548 Reis
1032 514 1191 557 sensibus,
1215 515 1334 555 Maria,

931 563 1066 596 Dimove
1091 572 1144 595 res
1169 563 1300 596 illicitas

929 612 1050 653 Ignatii
1074 620 1172 653 prece
1196 612 1261 652 pia,

930 660 989 695 Cui
1015 669 1073 701 per
1098 662 1130 692 te
1155 661 1246 693 Iesus
1271 660 1409 693 bonitas,

834 729 913 762 324.
930 728 1063 761 Bonitas
1088 727 1261 760 ineffabilis

930 776 1000 809 Tua
1025 785 1075 809 mc
1100 775 1181 809 facit
1205 777 1370 819 audacem,

931 824 975 859 Ut
999 826 1113 865 loquar
1137 824 1188 857 vir
1212 824 1335 856 inutilis

929 873 984 906 Ad
1010 876 1042 905 te
1067 872 1208 913 reginam
1235 881 1393 907 veracem.

835 943 914 975 325.
934 941 1085 972 Veracem
1115 949 1244 972 manum
1270 940 1464 980 praetendas

930 988 1107 1021 Daemonio
1133 997 1191 1020 nos
1217 990 1364 1028 vexante,

931 1037 998 1076 Qua
1023 1037 1224 1068 incessanter
1251 1034 1408 1069 defendas

930 1083 1007 1128 Nos,
1030 1084 1148 1123 Maria,
1177 1087 1251 1124 post
1277 1086 1309 1117 et
1333 1088 1418 1116 ante.

834 1153 914 1185 326,
930 1153 1018 1183 Ante
1044 1154 1131 1183 tuam
1156 1152 1327 1192 imaginem

931 1200 1042 1233 Omnis
1067 1199 1161 1232 homo
1187 1200 1407 1241 pertransiens

928 1248 1081 1281 Adorare
1106 1251 1138 1280 te
1163 1248 1320 1288 virginem

929 1296 1036 1329 Debet
1060 1296 1139 1329 inde
1163 1295 1347 1338 proficiens,

834 1366 914 1399 327.
930 1363 1105 1397 Proficiens
1131 1364 1305 1397 virtutibus

928 1415 958 1445 A
986 1414 1142 1445 daemone
1165 1412 1386 1453 praepeditur,

929 1462 994 1494 Sed
1020 1464 1094 1500 stat,
1124 1469 1195 1494 cum
1219 1462 1282 1493 tuis
1299 1460 1463 1503 precibus,

929 1510 953 1543 O
980 1510 1099 1552 Maria,
1126 1510 1358 1551 praemunitur.

834 1579 913 1612 328.
929 1578 1076 1611 Munitur
1101 1578 1175 1611 Iesu
1197 1578 1303 1619 gratia

928 1627 1056 1659 Mariae
1079 1626 1194 1659 laudes
1219 1625 1385 1669 affectans,

928 1675 1023 1707 Felix
1049 1675 1123 1709 Iesu
1149 1673 1273 1707 familia

929 1724 986 1764 Te,
1013 1724 1131 1764 Maria,
1155 1732 1245 1765 spem
1265 1727 1468 1764 exspectans.

718 1801 877 1835 XXXIX.

138 1873 220 1906 329.
234 1871 441 1911 Exspectans
467 1873 619 1912 exspecto
646 1870 762 1902 donum

233 1920 331 1958 Tuae,
359 1922 472 1963 mater,
501 1919 673 1961 largitatis,

230 1968 277 2002 Ut
302 1968 455 2001 admittas
481 1971 557 2001 ante
581 1968 733 2000 thronum

230 2018 305 2050 lesu
330 2026 444 2058 preces
470 2017 577 2058 pressi
603 2016 692 2050 satis.

136 2089 216 2121 330.
233 2086 319 2119 Satis
346 2087 418 2119 lacu
443 2085 594 2119 miseriae

230 2135 377 2168 Mersum
403 2139 500 2176 atque
524 2135 593 2167 luto
617 2133 729 2173 faecis,

229 2184 361 2217 Educas
387 2193 447 2228 me,
476 2182 549 2216 fons
575 2183 699 2222 veniae,

233 2233 344 2265 Virtus
370 2232 467 2273 lapsi,
494 2232 589 2266 iubar
615 2231 729 2265 caecis.

135 2304 216 2338 331.
233 2302 356 2342 Caecis,
382 2302 481 2334 mutis
506 2310 546 2334 ac
570 2300 705 2334 mortuis

230 2350 368 2384 Faciens
394 2350 559 2384 mirabilia

228 2399 331 2433 Donis
355 2409 467 2433 manas
493 2399 663 2438 continuis,

228 2449 323 2483 Mota
347 2448 584 2483 misericordia.

833 1871 913 1905 332.
926 1869 1157 1904 Misericordia
1181 1869 1305 1903 Christi

927 1920 992 1953 Per
1017 1921 1049 1950 te
1072 1921 1245 1959 peccantes
1271 1918 1398 1959 recipit,

928 1969 1028 2008 Quem
1054 1967 1102 1999 sic
1127 1967 1169 1999 ad
1187 1975 1245 2000 nos
1265 1966 1464 2009 convertisti,

927 2016 1019 2058 Quod
1046 2016 1183 2057 benigne
1209 2024 1272 2048 non
1299 2016 1445 2056 corripit.

833 2086 913 2120 333.
930 2085 1073 2125 Corripit
1099 2085 1191 2118 Iesus
1219 2081 1329 2116 furore

927 2134 977 2168 Te
1000 2134 1192 2176 linquentes,
1228 2141 1307 2172 quos
1332 2132 1467 2174 liquisti,

927 2183 1044 2226 Maria,
1073 2190 1155 2223 quae
1180 2184 1229 2213 tot
1253 2189 1364 2214 amore

926 2232 997 2265 Iam
1023 2239 1094 2263 reos
1123 2229 1318 2271 corripuisti.

833 2300 914 2335 334.
931 2299 1128 2340 Corripuisti
1153 2298 1250 2331 etiam

933 2348 1130 2391 Praesulem,
1157 2347 1212 2388 qui
1237 2355 1331 2380 servo
1356 2349 1411 2381 tuo

932 2397 1057 2431 Unicae
1082 2396 1201 2429 missae
1224 2397 1363 2439 gratiam

931 2447 1124 2480 Abstulerat
1148 2454 1244 2487 posse
1269 2455 1337 2480 suo.

1237 2501 1298 2533 10*
