1655 2726
770 139 1026 175 „148-

236 239 318 272 335.
334 237 397 270 Suo
424 237 569 271 reddidit
592 237 721 270 subdito

333 285 457 318 Missae
482 294 559 317 suae
582 285 746 326 mysteria,

334 333 482 374 Monens,
507 337 545 364 ut
569 342 658 366 more
681 333 775 365 solito

335 381 538 423 Fungeretur
563 390 632 413 cum
658 382 771 423 gloria.

928 239 1007 273 336.
1023 237 1136 270 Gloria
1160 235 1230 275 tibi,
1258 232 1379 273 regina,

1022 287 1204 325 Pauperum
1231 281 1439 322 exspectatio,

1023 335 1123 374 Quam
1148 329 1328 364 substantia
1354 328 1463 361 divina

1023 382 1204 414 Perlustrat
1225 376 1404 420 privilegio.

856 489 927 521 XL.

241 566 320 598 337.
334 564 454 596 Beatus
480 564 534 604 qui
557 564 710 605 intelligit

333 612 380 644 Te
403 612 508 653 gratia
534 614 601 643 tota
624 613 763 653 plenam,

332 660 448 701 Maria,
475 668 534 700 per
559 669 653 699 quam
679 660 774 700 erigit

332 708 421 740 Iesus
447 711 572 749 gentem
596 707 661 741 iam
688 716 828 748 egenam.

240 796 317 828 338.
332 794 477 835 Egenam
503 797 539 826 tu
564 793 718 826 familiam

331 842 404 874 Non
432 842 571 883 despicis
598 846 630 874 et
653 842 799 884 respicis,

333 890 428 922 Vitae
452 891 532 923 dans
557 890 749 933 alimoniam,

330 938 439 971 Mater
465 938 596 979 superni
619 938 786 979 principis.

238 1026 318 1059 339.
335 1025 496 1066 Princip1s
520 1026 632 1057 mortis
657 1028 801 1058 tenorem

331 1073 517 1115 Abstuljsti,
544 1073 634 1114 virgo
659 1073 724 1114 pia,

333 1121 394 1153 Tui
419 1121 531 1153 militis
556 1130 689 1154 uxorem

331 1169 540 1201 Resuscitans
566 1170 704 1209 quadam
732 1169 793 1201 die.

238 1257 319 1289 340.
333 1256 396 1289 Die
419 1256 542 1299 mortis,
571 1255 623 1288 die
648 1256 734 1288 mala

331 1304 437 1346 Hunc,
463 1304 582 1346 Maria,
608 1304 756 1336 liberasti

333 1352 378 1385 Et
402 1352 460 1385 sub
485 1351 615 1392 pietatis
642 1352 694 1384 ala

332 1400 379 1432 Te
404 1402 609 1441 quaerentem
635 1400 842 1433 conservasti.

926 564 1005 597 341.
1021 565 1164 597 Servastl
1188 565 1322 595 matrem
1348 559 1526 601 gravidam,

1021 613 1108 652 Quae
1132 620 1169 643 se
1191 612 1294 652 ipsam
1322 609 1495 649 occiderat,

1018 660 1204 693 Restituens
1230 659 1305 690 huic
1327 657 1469 689 vividam

1021 708 1158 747 Prolem,
1173 716 1266 748 quam
1277 706 1324 738 sic
1333 706 1550 746 oppresserat.

925 796 1005 830 342,
1021 795 1234 835 oppresserat
1259 803 1295 826 se
1318 792 1424 825 subito

1016 842 1172 875 Maritum
1198 842 1318 875 habens
1344 842 1525 881 suspectum

1018 892 1069 924 De
1094 899 1203 922 amore
1225 890 1351 930 illicito,

1019 940 1058 972 In
1083 941 1124 982 te,
1152 938 1268 980 Maria,
1295 935 1485 978 perfectum.

924 1026 1005 1061 343.
1021 1024 1204 1059 Perfectum
1229 1025 1348 1057 reddas
1373 1024 1468 1056 etiam

1018 1074 1075 1106 Me
1098 1073 1159 1105 tibi
1187 1076 1219 1105 et
1242 1076 1297 1105 tuo
1322 1075 1397 1105 nato

1021 1123 1083 1154 Per
1108 1121 1195 1161 piam
1222 1120 1421 1162 diligentiam

1019 1170 1143 1202 Ferens
1167 1178 1261 1210 opem
1284 1169 1503 1208 supplantato.

925 1257 1005 1290 344.
1022 1257 1235 1297 Supplan‘tato
1256 1256 1421 1297 miserere,

1019 1305 1189 1337 Resuscita
1211 1305 1276 1337 iam
1299 1308 1461 1337 mortuum

1019 1353 1064 1385 Et
1086 1353 1194 1386 hostes
1221 1353 1261 1386 de
1284 1361 1336 1385 me
1361 1354 1502 1395 gaudere

1020 1401 1092 1433 Non
1117 1401 1203 1434 sinas
1227 1402 1261 1434 in
1286 1405 1488 1441 perpetuum.

581 1487 661 1520 345.
676 1488 872 1526 Perpetuum
896 1487 981 1518 hunc
1006 1488 1156 1520 honorem

676 1535 751 1567 Tibi
777 1543 832 1567 cor
856 1544 959 1567 meum
981 1536 1103 1575 offerat,

673 1583 718 1615 Et
742 1585 777 1613 tu
802 1583 863 1615 sibi
890 1584 931 1615 da
959 1584 1108 1625 vigorem,

675 1631 946 1670 Quemadmodum
975 1632 1149 1667 desiderat.

847 1748 937 1780 XLI.

237 1825 317 1857 346,
332 1822 604 1863 Quemadmodum
631 1822 796 1855 desiderat

331 1870 386 1903 Ad
412 1880 566 1911 aquarum
592 1869 697 1903 fontes
724 1879 848 1913 cervus,

333 1918 387 1951 Sic
412 1920 454 1951 ad
479 1921 522 1960 te,
548 1918 650 1960 virgo,
676 1924 834 1959 properat

333 1967 450 1999 Volens
475 1975 589 2007 aquam
618 1967 719 1999 vivam
745 1976 866 2001 servus.

238 2057 318 2090 347.
334 2054 452 2087 Servus
477 2057 550 2086 tuus
578 2062 647 2086 esse
671 2054 756 2094 volo,

331 2102 469 2136 Deditus
493 2105 548 2134 tuo
573 2102 703 2146 nomini,

330 2152 376 2184 Et
399 2152 473 2184 ideo
496 2151 545 2183 sic
568 2153 600 2183 te
626 2151 695 2183 colo

332 2201 419 2234 Ante
444 2199 560 2232 faciem
585 2199 725 2233 Domini.

238 2289 318 2322 348.
334 2288 421 2320 Ante
447 2285 562 2319 faciem
587 2285 717 2318 Domini

332 2336 516 2376 Apparere,
542 2338 645 2367 mater
668 2334 801 2377 gloriae,

334 2384 462 2417 Sitienti
487 2383 562 2415 huic
581 2382 702 2416 homini

333 2433 466 2466 Fundas
491 2430 611 2464 fluenta
635 2431 769 2474 gratiae.

928 1824 1007 1860 349.
1024 1825 1156 1859 Gratiae
1180 1830 1255 1860 tuae
1280 1828 1406 1868 copiam

1019 1874 1065 1907 Et
1090 1875 1216 1908 dulcem
1242 1875 1427 1909 effusionem

1019 1923 1169 1956 Pandisti
1193 1925 1427 1967 indulgentiam

1018 1972 1158 2004 Precans
1184 1973 1304 2006 habere
1326 1974 1496 2009 latronem.

927 2057 1007 2091 350.
1022 2058 1197 2092 Latronem
1221 2070 1299 2101 gens
1322 2061 1482 2096 iudicavit

1022 2107 1133 2147 Ipsum
1157 2108 1192 2141 in
1216 2109 1303 2150 ligno
1328 2112 1541 2152 suspendenS,

1020 2155 1086 2188 Sed
1113 2156 1155 2188 ad
1181 2161 1224 2200 te,
1251 2158 1352 2201 virgo,
1380 2160 1533 2193 clamavit

1020 2204 1061 2237 In
1085 2207 1119 2236 te
1143 2214 1234 2240 suam
1259 2216 1350 2248 spem
1369 2210 1558 2244 extendens,

926 2290 1005 2326 351.
1019 2291 1207 2326 Extendens
1232 2297 1310 2327 tunc
1335 2297 1485 2329 continuo

1020 2340 1079 2382 Tu,
1104 2341 1223 2385 Maria,
1251 2343 1339 2383 piam
1364 2355 1494 2377 manum

1020 2388 1191 2422 Suscitasti
1215 2391 1301 2423 hunc
1325 2393 1435 2425 triduo

1019 2437 1216 2470 incolumem
1243 2442 1341 2480 atque
1366 2450 1490 2473 sanum.
