1655 2726
196 230 252 263 23.

197 806 254 838 24.

198 1382 254 1413 25.

196 1969 252 2001 26.

280 232 358 273 Ave,
385 230 487 273 virga,

328 278 370 310 de
394 278 482 310 caelo
509 279 701 321 germinans,

280 326 379 367 Virga
401 327 508 367 iugum

326 373 468 415 Aegypti
491 375 676 418 terminans,

281 421 356 454 Sola
380 421 491 454 mortis

326 471 414 502 virus
440 470 617 512 eliminans,

280 518 364 557 Sola,
392 527 485 558 quam
510 527 567 550 rex

326 567 360 598 in
385 567 459 598 altis
486 566 652 599 dominans

280 613 372 646 Solus
397 615 497 655 novit,

328 665 360 693 te
384 663 484 695 solam
509 663 674 695 nominans

374 710 512 751 Dignam
536 709 625 743 flore.

281 806 362 847 Ave,
390 808 478 839 terra

329 854 471 887 culturae
496 854 612 895 nescia,

280 901 355 933 Sola
380 902 459 934 caeli

329 951 490 991 compluta
512 950 633 991 pluvia,

279 997 347 1029 Iam
371 1008 431 1039 pro
456 998 559 1038 spinis

329 1045 481 1085 producit
504 1045 575 1077 lilia

283 1093 385 1126 Terra
409 1093 568 1134 quondam

328 1141 470 1182 serpenti
494 1142 617 1182 pervia,

279 1189 330 1222 Ex
356 1199 417 1229 quo
442 1193 497 1221 tua

327 1236 473 1277 perfudit
496 1237 584 1269 labia

374 1286 450 1318 Man
478 1294 547 1316 eum
573 1295 656 1320 rore.

280 1381 361 1423 Ave,
387 1390 447 1421 per
471 1390 565 1421 quam

327 1432 457 1469 pactum
482 1437 552 1460 curn
575 1430 703 1462 homine

279 1476 404 1509 Firmat
427 1478 515 1509 Deus

326 1525 360 1556 in
384 1535 441 1557 suo
467 1525 628 1566 sanguine,

281 1573 326 1607 Ut
350 1573 413 1605 iam
438 1575 546 1605 currat

326 1621 384 1653 sub
410 1624 464 1654 tuo
488 1622 616 1653 nomine

279 1668 382 1701 Exsul
405 1669 497 1709 pacis

329 1721 441 1758 aperto
466 1717 585 1759 limine,

281 1765 359 1798 Cum
385 1766 510 1798 timenti

331 1814 375 1845 sis
399 1814 433 1845 in
460 1813 644 1845 discrimine

376 1862 488 1894 Turris
513 1860 616 1895 fortis.

277 1968 358 2012 Ave,
386 1968 497 2000 domus

330 2017 445 2048 decore
469 2016 629 2059 praedita,

279 2064 343 2097 Dei
367 2065 460 2097 sedes

328 2114 371 2146 ad
396 2114 538 2145 austrum
560 2113 665 2153 posita

279 2162 318 2194 In
343 2171 406 2202 qua
431 2161 512 2194 caeli

327 2211 461 2252 dragma
484 2210 653 2242 recondita

279 2258 378 2298 Apud
403 2262 528 2299 patrem

329 2309 379 2338 est
400 2306 600 2349 interposita,

277 2354 326 2387 Ut
348 2356 468 2389 evadal:

328 2412 406 2445 gens
433 2403 552 2436 dudum
578 2404 708 2443 perdita

375 2452 498 2485 Poenas
523 2453 645 2487 mortis,

727 131 961 167 -14-

884 231 939 263 27.

886 807 941 839 28.

890 1383 944 1415 29.

966 231 1047 271 Ave,
1074 230 1160 262 salus

1014 278 1113 310 totius
1137 279 1268 319 saeculi,

967 325 1087 358 Dicant
1112 335 1197 367 ergo,

1016 374 1126 406 dicant
1149 383 1234 406 nune
1259 375 1395 415 singuli:

966 422 1048 464 Ave,
1075 431 1134 462 per
1159 431 1253 462 quam

1015 470 1048 502 in
1074 473 1147 502 ortu
1171 471 1300 509 parvuli

967 517 1017 549 De
1041 518 1190 558 squalore

1016 574 1187 606 progressa
1212 566 1331 598 stabuli

967 613 1078 646 Nostri
1102 613 1181 646 fines

1015 662 1117 694 intrat
1138 662 1259 694 oraculi

1063 710 1135 743 Lux
1161 710 1331 744 caelorum.

967 805 1050 848 Ave,
1075 815 1134 846 per
1159 815 1253 846 quam

1016 852 1147 886 refloret
1170 854 1314 895 spiritus,

968 902 1063 935 Carni
1088 904 1180 942 patet

1015 951 1057 982 ad
1082 959 1213 991 regnum
1240 949 1373 991 reditus,

968 999 1114 1031 Oleaster

1015 1047 1120 1078 olivae
1143 1046 1259 1078 insitus

968 1094 1032 1126 Per
1056 1097 1088 1126 te
1113 1093 1252 1126 fructum

1016 1141 1095 1174 fecit
1117 1145 1154 1174 ut
1176 1142 1336 1185 primitus,

969 1190 1048 1223 Cum
1073 1190 1214 1222 surrexit

1015 1236 1073 1270 fios
1098 1238 1329 1278 primogenitus

1062 1286 1273 1320 Mortuorum.

971 1382 1052 1421 Ave,
1081 1382 1210 1423 dignum

1015 1430 1084 1462 Deo
1110 1430 1296 1471 sacrarium,

966 1479 1004 1510 In
1029 1487 1091 1518 qua
1115 1478 1200 1510 sedit

1014 1535 1071 1557 rex
1095 1531 1169 1566 post
1193 1526 1356 1569 diluvium,

969 1574 1035 1613 Quo
1060 1577 1092 1606 te
1117 1574 1197 1607 lavit

1016 1623 1058 1654 ad
1083 1621 1296 1663 refrigerium,

967 1670 1018 1701 Tu
1044 1670 1204 1702 desertum

1016 1718 1134 1750 siceum
1161 1720 1193 1750 et
1216 1719 1347 1761 invium,

969 1765 1031 1797 Per
1056 1775 1148 1807 quam
1174 1775 1265 1798 suum

1015 1815 1144 1847 reduxit
1170 1814 1295 1846 devium

1061 1862 1131 1895 Rex
1156 1863 1320 1897 virtutum.

884 1969 939 2001 30.
965 1968 1047 2008 Ave,
1073 1971 1186 2009 mater,

1017 2025 1099 2056 quae
1121 2021 1266 2048 nostrum
1290 2026 1426 2059 vespere

968 2064 1037 2096 Tuo
1061 2074 1155 2096 mane

1015 2113 1147 2145 mutasti
1171 2122 1336 2156 prospere,

967 2161 1042 2193 Nox
1066 2161 1244 2201 praecessit

1019 2211 1060 2252 et,
1088 2217 1172 2251 eece,
1197 2209 1301 2242 libere

969 2257 1081 2290 Novae
1104 2257 1170 2290 luoi

1016 2315 1052 2338 se
1076 2307 1164 2339 valet:
1187 2306 1329 2350 eredere,

968 2355 1030 2395 Qui
1053 2363 1090 2387 se
1113 2353 1223 2387 fructu

1016 2403 1136 2445 gaudet
1160 2411 1339 2443 puerperae

1065 2451 1272 2487 Restitutum.
