1655 2726
705 137 965 175 —119-

238 234 304 268 Hic
329 237 404 268 olim
432 236 523 268 auxit
548 238 701 277 populum

240 284 279 317 In
309 285 438 317 deserto
467 283 547 316 dans
573 285 726 325 pabulum

289 333 476 366 Mirabilius
500 333 638 373 pristino

237 381 283 414 Et
309 382 338 412 ei
361 381 392 413 in
420 380 599 413 funiculum

241 429 385 462 Donavit
411 433 531 461 terram
559 430 704 461 exsulum

292 477 479 510 Tenendam
506 477 576 509 sine
602 477 751 512 termino.

196 547 226 580 5.
242 544 449 579 Confitemini
472 545 601 588 iterum,

243 594 348 635 Nunc,
375 603 504 636 semper
531 594 613 625 etin
631 595 806 637 posterum⁷

289 642 429 676 Domino
456 642 689 683 cunctipotenti

244 693 420 725 Pensantes
446 695 573 731 tempus
600 691 736 723 alterum

244 740 471 781 Prodigiorum
496 742 638 772 veterum

293 788 409 820 Fuisse
432 788 536 820 veteri
562 788 664 829 genti3

244 838 270 870 T
274 845 336 868 unc
360 846 424 869 non
451 839 531 878 erat,
558 836 613 876 qui
638 835 761 878 petenti

244 889 361 918 Panem
389 886 482 918 daret
506 884 675 925 indigenti,

293 933 336 966 Ut
351 943 438 966 nune
451 933 494 966 ad
501 933 616 965 mundi
625 940 807 973 vesperum,

243 983 310 1022 Quo
339 982 435 1014 datur
460 980 564 1014 forma
589 981 710 1012 recenti

242 1030 381 1063 Animae
407 1029 560 1062 esurienti

292 1078 379 1118 Opus
404 1077 577 1110 maximum
604 1084 747 1117 operum.

225 1173 231 1179 .
248 1144 452 1180 Confitemini
478 1144 585 1185 tertio,

244 1194 419 1234 Redempti
443 1201 558 1233 magno
584 1192 689 1232 pretio

292 1242 463 1283 Sanguinis
490 1241 562 1282 agni
589 1240 689 1280 effusi,

243 1291 344 1324 Nulla
365 1291 408 1323 sit
429 1289 540 1323 mundi
567 1290 655 1330 regio

244 1339 344 1372 Nulla
368 1340 420 1371 vel
447 1338 652 1379 congregatio

293 1390 361 1421 Aut
384 1396 444 1428 per
469 1395 504 1418 se
522 1387 670 1427 quiquam
691 1385 808 1428 diffusi,

244 1436 303 1477 Qui
329 1445 388 1476 per
413 1435 584 1468 concilium
610 1434 720 1475 Chusi,

246 1485 279 1517 Si
305 1485 452 1518 sensibus
478 1485 554 1515 sunt
578 1483 695 1523 obtusi,

296 1532 370 1565 Non
389 1534 518 1565 cantent
538 1540 606 1563 cum
626 1531 809 1572 praeconio,

247 1580 361 1622 Nobis,
387 1581 441 1622 qui
467 1579 585 1612 fuimus
610 1580 692 1612 trusi

244 1631 281 1663 In
308 1629 436 1662 inferno
463 1631 495 1660 et
518 1629 646 1670 inclusi,

296 1678 452 1711 Dominus
479 1680 528 1709 est
552 1676 741 1718 redemptio.

226 1758 398 1791 .Paratum
427 1764 482 1788 cor
507 1764 611 1787 meum
638 1762 718 1796 esse,

250 1805 338 1838 Deus
364 1814 463 1846 meus,
490 1807 539 1835 est
562 1812 694 1836 necesse

294 1853 340 1887 Ut
367 1854 464 1895 digne
489 1853 631 1893 psallere
657 1860 781 1892 queam,

248 1902 313 1936 Sed
340 1902 490 1943 quoniam
516 1905 591 1933 sunt
614 1901 781 1942 ingressae

247 1951 437 1992 Iniquitates
463 1950 496 1983 in
520 1959 625 1982 messe

297 1998 522 2032 Concutientes
549 2007 639 2039 spem
666 2006 782 2037 meam,

243 2048 324 2082 Ideo
348 2048 381 2080 in
409 2049 606 2088 Idumaeam,

246 2098 383 2130 Terram
408 2096 564 2137 sanguine
588 2096 732 2136 rubeam,

294 2146 395 2186 Quam
419 2145 547 2187 peperit
572 2145 666 2186 virga
691 2145 790 2184 Iesse,

248 2195 401 2228 Extendo
426 2203 488 2235 me,
516 2203 557 2226 ne
582 2202 712 2234 peream

244 2244 290 2277 Et
314 2246 351 2275 ut
376 2244 512 2285 gratiam
538 2243 686 2282 habeam,

294 2292 394 2332 Quam
404 2302 463 2334 pro
473 2301 525 2324 me
533 2301 652 2332 quaero
659 2299 758 2332 penes
765 2299 810 2323 se.

197 2373 229 2405 8.
244 2370 344 2411 Deus,
371 2371 502 2405 laudem
527 2370 588 2402 tibi
614 2369 676 2402 soli

244 2420 388 2453 Cantent
411 2429 475 2453 non
500 2418 644 2452 homines
671 2417 732 2450 soli

292 2467 359 2501 Sed
384 2472 418 2501 et
439 2469 543 2502 omnis
569 2471 731 2509 ereatura,

892 701 924 732 9.

869 1308 926 1340 10.

874 1929 927 1962 11.

938 238 1142 270 Incessanter
1167 237 1296 269 cantant
1321 236 1389 276 poli

938 286 1007 318 Deo
1031 285 1118 326 patri
1143 287 1239 326 atque
1263 284 1358 325 proli,

985 333 1188 373 Flaminique
1212 332 1255 364 sit
1278 332 1348 364 laus
1374 339 1474 372 pura3

938 382 1068 415 Laudes
1094 384 1167 412 sunt
1192 381 1325 421 propria
1348 381 1428 421 iura,

939 430 1027 469 Quae
1052 429 1151 470 exigis
1177 439 1197 461 a
1221 427 1349 461 factura

987 478 1123 510 Remota
1148 477 1256 517 specie
1281 477 1356 519 doli,

940 526 1145 567 Quemquam,
1173 534 1281 558 moves
1306 526 1361 565 pia
1386 533 1474 565 cura,

940 574 973 606 Si
1000 573 1134 614 negligis
1160 576 1192 605 te
1218 574 1353 614 cultura,

987 622 1115 655 Laudes
1139 622 1303 663 negligere
1327 621 1402 655 noli.

939 699 1033 732 Dixit
1056 697 1212 730 Dominus
1238 698 1364 738 genitor

941 747 1075 780 Genito:
1100 749 1137 778 tu
1164 755 1196 778 es
1222 746 1371 778 conditor

988 795 1083 829 Orbis
1108 803 1232 826 mecum
1258 797 1290 826 et
1314 795 1459 834 spirituS,

939 844 988 876 Tu
1012 845 1076 876 iam
1103 844 1170 875 eius
1195 847 1230 875 ut
1255 843 1395 875 meditor

939 891 1065 926 Perditi
1090 892 1201 924 mundi
1226 890 1367 931 institor,

986 941 1032 973 Et
1055 940 1240 980 praecedet,
1264 939 1453 979 paraclituS,

941 989 1001 1028 Qui
1028 988 1090 1020 erit
1113 988 1173 1019 tibi
1200 987 1329 1028 digitus,

940 1038 986 1071 Ut
1010 1037 1130 1068 virtute
1153 1036 1196 1067 sit
1219 1035 1388 1076 praeditus

987 1085 1119 1123 Uterus,
1145 1084 1192 1115 tui
1217 1083 1367 1125 portitor,

939 1132 985 1165 Et
1009 1135 1046 1164 ut
1071 1132 1197 1163 clausus
1220 1131 1373 1163 introitus

938 1180 1015 1213 Fiat
1039 1188 1168 1219 semper
1194 1182 1226 1211 et
1251 1179 1365 1220 exitus,

984 1229 1104 1261 Tecum
1130 1228 1211 1261 assit
1234 1230 1271 1259 ut
1294 1227 1422 1260 ianitor.

940 1305 1136 1346 Confitebor,
1163 1305 1187 1337 si
1213 1305 1349 1345 valeam,

941 1355 1025 1395 Tibi,
1053 1355 1151 1394 Deus,
1179 1362 1249 1386 cum
1278 1353 1412 1385 debeam

989 1405 1071 1437 Toto
1098 1402 1196 1434 corde
1220 1404 1253 1434 et
1275 1402 1392 1444 anima,

940 1452 1023 1484 Nam
1050 1451 1077 1482 si
1102 1453 1191 1483 recte
1212 1454 1245 1483 te
1270 1450 1411 1492 timeam,

941 1500 988 1533 Te
1015 1499 1136 1533 dedisti
1161 1508 1267 1532 escam
1292 1507 1396 1531 meam

989 1549 1036 1581 Te
1060 1548 1132 1588 ipso
1158 1546 1244 1580 facto
1268 1547 1417 1589 victima3

943 1598 967 1631 O
994 1598 1101 1630 anima
1125 1597 1344 1638 pauperrima,

943 1647 1025 1679 Vilis
1052 1647 1083 1677 et
1109 1645 1336 1685 abiectissima,

991 1693 1168 1734 Demetita,
1194 1693 1281 1735 quod
1299 1694 1436 1734 lugeam,

944 1743 1012 1776 Iam
1039 1742 1143 1784 gaude
1170 1742 1210 1774 de
1234 1744 1301 1773 tam
1327 1743 1434 1782 opima

940 1792 1026 1825 Esca
1052 1791 1297 1832 pretiosissima,

991 1844 1079 1880 Quae
1101 1842 1135 1871 te
1159 1840 1229 1871 vult
1250 1837 1359 1871 facere
1387 1842 1488 1873 deam.

942 1928 1061 1961 Beatus
1086 1926 1148 1968 vir,
1175 1928 1230 1968 qui
1255 1926 1387 1959 timidus

942 1977 989 2009 Te
1015 1976 1152 2008 amando
1179 1979 1212 2007 et
1236 1975 1374 2015 pavidus

992 2025 1153 2059 Observat
1175 2027 1230 2056 tua
1255 2025 1419 2065 mandata,

941 2074 1044 2108 Oriris
1071 2072 1100 2105 ei
1126 2074 1254 2105 lucidus

941 2123 981 2156 In
1007 2122 1150 2155 tenebris
1177 2125 1209 2153 et
1233 2119 1378 2161 fulgidus

991 2171 1096 2204 Nocte
1121 2170 1248 2211 peccati
1274 2168 1402 2210 fugata3

939 2219 1099 2253 Memoria
1126 2220 1192 2251 eius
1218 2220 1313 2260 grata

943 2269 1066 2309 Cuique
1092 2270 1142 2300 est
1166 2268 1370 2310 perpetuata,

993 2317 1054 2357 Qui
1080 2326 1119 2348 ex
1145 2317 1237 2349 bonis
1264 2319 1314 2348 est
1338 2316 1496 2358 placidus,

942 2367 1035 2399 Licet
1063 2366 1104 2398 de
1128 2366 1234 2406 gratia
1259 2365 1336 2399 data

945 2415 1107 2449 Proximis
1135 2417 1165 2446 et
1193 2414 1357 2455 divulgata

991 2464 1127 2497 Fremat
1153 2462 1303 2496 dentibus
1327 2464 1467 2498 invidus.
