1655 2726
738 129 899 165 —205
951 152 994 157 -

196 223 300 259 1360.
315 224 461 258 Mittitur
487 229 519 257 et
544 235 656 259 manus
681 228 737 268 pia
893 229 1074 263 1361.Dei
1098 229 1204 272 matri,
1232 238 1297 269 cor,
1326 229 1514 261 commenda

319 272 498 306 Salvatoris
523 274 559 306 in
585 283 639 306 cor
665 276 713 308 rei
1011 278 1113 311 Tuam
1131 279 1270 321 laudem,
1289 285 1330 309 ne
1344 277 1387 309 sit
1400 277 1524 320 clauda,

317 321 515 362 Volenteque
540 325 583 363 te,
617 323 735 365 Maria,
1011 326 1118 359 Vitam
1143 335 1246 359 meam
1272 328 1305 357 et
1329 325 1465 357 emenda

316 369 486 410 Templum
512 374 647 412 repente
672 371 710 404 fit
733 372 806 405 Dei.
1011 374 1055 406 Et
1075 375 1215 407 Mariam
1241 383 1368 413 semper
1392 373 1501 405 lauda.

793 479 952 514 CXLVII.

200 564 305 598 1362.
320 564 445 605 Lauda,
480 574 582 607 mens,
609 567 687 598 totis
713 565 836 599 viribus
898 568 998 602 1366.
1015 568 1150 600 Viscera
1172 569 1228 608 pia
1251 567 1400 608 pluribus

319 612 446 646 Mariae
470 614 578 646 laudis
604 619 818 657 augmentum,
1014 615 1113 655 Dans,
1140 613 1270 657 Maria‚'
1284 616 1432 648 continuo

319 662 367 695 Ut
392 662 460 694 eius
484 663 548 695 tuis
574 663 720 695 sensibus
1016 665 1118 697 Parce
1142 665 1235 697 nobis
1256 663 1474 704 precantibus,

318 709 835 751 Praestetfidessupplementum.
1018 712 1114 745 Vultu
1140 721 1311 752 precamur
1336 719 1463 744 cernuo.

199 797 304 831 1363.
322 798 585 839 Supplementum
614 799 656 832 da
680 799 816 841 gratiae,
898 799 1000 832 1367.
1015 800 1143 832 Cernua
1169 799 1303 841 cervice,
1331 801 1443 840 mater,

318 848 411 888 Auge
426 846 552 888 bonum,
569 849 654 888 quod
663 847 833 890 poscimus,
1018 847 1092 880 Tibi
1117 848 1255 888 supplex
1281 847 1321 879 do
1347 845 1492 888 gloriam,

318 895 435 939 Maria,
462 904 552 928 mare
577 896 700 935 veniae,
1018 895 1063 927 Ut
1090 896 1145 927 det
1169 895 1248 927 mihi
1272 904 1331 935 per
1356 898 1388 926 te
1414 897 1507 933 pater

319 943 411 977 Laxa
430 944 560 985 malum,
580 944 666 984 quod
691 942 836 976 fecimus.
1017 943 1183 976 Remissor
1207 943 1451 983 indulgentiam.

198 1030 304 1064 1364.
318 1029 472 1062 Fecimus
496 1031 599 1063 multa
622 1032 758 1069 peccata
898 1030 1002 1064 1368.
1017 1030 1255 1071 Indulgentiam
1279 1029 1430 1062 nimirum

320 1077 391 1110 Nec
415 1077 555 1110 bibimus
580 1078 666 1110 hunc
692 1077 835 1119 calicem,
1018 1077 1106 1110 Dare
1131 1080 1223 1118 potes
1249 1086 1308 1119 per
1331 1077 1443 1116 filium,

322 1126 388 1159 Sed
412 1135 473 1167 per
498 1132 541 1167 te,
565 1129 669 1158 mater
695 1128 812 1166 amata,
1018 1126 1146 1159 Intacta
1171 1127 1317 1158 nesciens
1341 1126 1455 1167 virum,

318 1174 506 1207 Flectamus
531 1176 614 1207 iram
641 1174 812 1208 vindicem.
1018 1175 1200 1214 Veramque
1236 1182 1348 1214 pacem
1375 1173 1531 1206 cordium.

201 1262 306 1296 1365.
323 1262 492 1294 Vindicem
506 1262 626 1303 quippe
638 1262 840 1294 tremendum
902 1262 1004 1295 1369.
1021 1261 1172 1295 Cordium
1199 1260 1411 1304 refrigerium,

320 1310 392 1343 Tua
416 1311 581 1343 lactarunt
604 1310 716 1350 ubera,
1019 1311 1106 1350 Vita,
1132 1314 1245 1350 v1rtus,
1272 1309 1418 1352 victoria,

321 1359 455 1400 Parens,
478 1360 566 1391 cuius
584 1358 626 1390 ad
641 1359 840 1400 parcendum
1019 1358 1136 1399 Maria,
1163 1359 1213 1390 vis
1239 1358 1444 1398 vincentium,

321 1406 455 1441 Nudata
478 1408 624 1447 pendent
646 1408 782 1441 viscera.
1018 1405 1163 1439 Aeterna
1190 1405 1310 1439 Christi
1335 1405 1449 1448 gloria.

549 1494 784 1530 1370.G10ria
811 1494 883 1536 tibi,
909 1494 1028 1535 Maria,

664 1543 784 1583 Decus,
811 1543 909 1583 salus,
934 1542 1091 1583 laudatio,

667 1592 826 1633 Hymnus,
841 1591 984 1632 psalmus
1000 1593 1109 1623 etlaus
1119 1590 1184 1633 pia,

670 1641 784 1673 Honor
807 1643 839 1672 et
864 1639 1059 1673 benedictio.

778 1747 955 1781 CXLVIII.

201 1836 482 1876 1371.Laudate‚
509 1835 623 1877 sancti,
652 1836 693 1869 de
719 1837 816 1869 caelis
902 1833 1155 1869 1374.Fervidi
1181 1833 1311 1875 quidem
1336 1833 1455 1866 amoris

326 1886 442 1918 Castae
467 1885 612 1925 parentis
638 1885 774 1926 viscera,
1020 1883 1108 1916 Fons
1133 1882 1236 1925 vivus,
1260 1882 1354 1925 ignis,
1383 1881 1511 1920 caritas,

322 1933 411 1973 Quae
438 1932 601 1966 Christum
627 1934 716 1975 ,virgo
735 1932 840 1966 fidelis
1019 1931 1057 1964 In
1071 1934 1113 1972 te,
1133 1934 1245 1972 mater,
1264 1933 1338 1963 sunt
1350 1930 1534 1971 splendoris

321 1982 430 2015 Enixa
456 1985 506 2014 est
531 1991 701 2023 puerpera.
1019 1979 1064 2013 Et
1088 1980 1145 2012 lux
1169 1979 1266 2012 beata
1290 1980 1430 2012 trinitas.

200 2072 306 2106 1372.
322 2069 499 2114 Puerpera‚
527 2080 547 2103 a
572 2069 638 2104 filio
901 2069 1005 2102 1375.
1020 2067 1163 2100 Trinitas
1189 2076 1302 2099 creans
1328 2067 1435 2099 omnia

325 2120 460 2153 Postula
483 2119 576 2152 nobis
602 2120 749 2160 gratiam,
1020 2117 1083 2151 Per
1108 2118 1141 2147 te
1165 2116 1259 2149 nobis
1283 2115 1353 2148 irae
1378 2116 1492 2158 plagas

325 2169 363 2201 In
389 2171 445 2200 tuo
470 2168 643 2210 puerperio
1020 2165 1130 2198 Tollat
1155 2168 1188 2197 et
1214 2164 1386 2208 desideria,

322 2217 393 2258 Ipsi
420 2226 570 2250 canamus
596 2216 743 2258 gloriam.
1020 2214 1108 2255 Quae
1121 2212 1281 2246 subruunt
1292 2216 1416 2245 mentes
1428 2222 1537 2254 vagas.

205 2306 311 2341 1373.
328 2304 472 2338 Gloriam
499 2305 560 2337 tibi
586 2307 736 2337 canentes
903 2304 1008 2338 1376.
1023 2303 1131 2344 Vagas
1158 2301 1388 2334 delectationes

325 2353 398 2387 Sint
420 2354 513 2387 stolis
539 2353 622 2387 albis
649 2352 792 2395 candidi,
1021 2351 1153 2384 Tollens
1178 2361 1197 2383 a
1221 2350 1315 2383 nobis
1339 2351 1481 2396 insuper,

323 2402 406 2444 Sint,
432 2404 550 2444 Maria,
577 2403 738 2443 patientes
1022 2399 1131 2443 Virgo,
1161 2399 1394 2432 consolationes

323 2452 367 2485 Et
391 2452 527 2486 caritate
553 2450 684 2485 fervidi.
1022 2448 1163 2482 Effunde
1186 2448 1280 2482 nobis
1308 2449 1456 2490 desuper.
