1655 2726
237 218 293 250 32.

238 822 293 854 33.

239 1426 294 1457 34.

237 2042 293 2074 35.

763 138 796 143 A
859 117 926 154 116

308 217 405 258 Deus,
434 216 504 256 quis
530 215 642 249 similis
668 216 731 248 erit

307 265 391 308 Tibi,
418 264 445 296 si
471 264 574 305 homo,
600 264 652 304 qui
677 265 762 305 gerit

356 313 456 346 Tuam
482 312 733 352 similitudinem,

309 362 371 394 Per
396 363 561 402 peceatum
587 360 635 393 sio
659 369 694 392 se
719 361 795 393 terit

306 409 352 442 Et
375 410 423 441 sio
448 411 548 440 semet
573 409 678 449 ipsum
703 407 789 450 ferit,

356 456 446 496 Quod
467 456 529 489 iam
548 456 657 497 perdit
673 457 862 498 imaginem3

308 505 396 537 Deus
421 504 487 536 scio
512 514 563 536 me
586 505 744 537 hominem

310 554 368 585 Vel
393 553 499 593 potius
525 562 576 584 me
602 553 769 594 neminem,

354 601 584 641 Propterquod
594 609 755 632 cormeum
764 603 888 642 quaerit

308 650 408 681 Tuam
432 648 719 690 mansuetudinem,

309 697 354 729 Ut
378 697 515 737 primam
541 696 813 737 pulchritudinem

355 744 486 777 Reddas
509 745 643 784 animae,
670 753 751 785 quae
767 745 861 785 perit.

311 820 408 860 Quam
437 821 554 852 dilecta
580 820 619 853 ob
645 821 750 853 iacula

308 869 457 901 Hostium
481 868 690 901 tabernacula

355 917 424 949 Tua
448 916 527 948 mihi
552 916 632 949 fiunt
656 925 741 958 vere,

307 964 400 1005 Nam,
425 964 487 995 nisi
512 965 715 1005 receptacula

305 1012 469 1044 Haberem
495 1013 546 1044 vel
568 1012 716 1054 latibula,

356 1060 440 1092 Satis
468 1060 615 1092 deberem
642 1061 772 1101 timere3

309 1107 411 1140 Nidos
437 1117 512 1139 aves
538 1112 631 1140 antra
656 1107 754 1150 ferae,

308 1156 428 1194 Quibus
454 1156 583 1188 valeant
607 1156 717 1199 latere,

355 1203 487 1236 Habent
512 1206 543 1235 et
570 1205 770 1245 diverticula,

309 1251 396 1290 Quae
422 1254 454 1282 et
479 1256 513 1284 tu
536 1252 634 1284 habes
660 1253 812 1292 supplere

306 1300 369 1332 Pro
395 1299 531 1340 homine,
558 1300 610 1340 qui
636 1302 668 1331 te
692 1309 780 1332 mere

357 1347 488 1387 Quaerit
519 1346 625 1380 fiendo
650 1348 787 1388 piacula.

309 1424 519 1464 Benedixisti,
545 1424 692 1465 Domine,

310 1473 445 1504 'lerram
470 1475 611 1504 nostram
638 1472 670 1503 in
698 1473 819 1513 virgine

357 1520 496 1552 Faciens
519 1520 759 1552 tabernaculum

308 1568 571 1608 Componensque
597 1576 664 1599 eum
691 1568 819 1601 homine

309 1616 464 1649 Foederis
489 1616 682 1657 obligamine

354 1664 539 1697 Convenisti
563 1665 606 1697 ad
631 1665 787 1705 osculum3

306 1712 377 1744 Hac
401 1720 484 1744 nova
508 1721 588 1752 paee
613 1713 756 1744 exsulum

308 1760 456 1793 Gaudeat
479 1769 571 1792 omne
595 1761 757 1793 saeculum

356 1808 464 1841 Versis
491 1808 560 1840 vice
586 1810 618 1840 et
642 1809 765 1851 ordine,

306 1857 476 1897 Agantque
501 1855 618 1889 festum
644 1857 800 1899 sedulum,

309 1904 429 1944 Quibus
455 1905 577 1936 eaelum
603 1907 652 1936 est
674 1906 818 1945 patulum

355 1954 456 1986 Flexo
482 1953 597 1993 rigoris
624 1953 766 1988 cardine.

309 2041 444 2080 Iuenna,
471 2040 569 2081 Deus,
596 2040 740 2072 inolitum

308 2088 412 2129 Caput
436 2089 476 2121 ad
504 2098 554 2120 me
578 2089 639 2121 iam
666 2089 839 2129 perditum,

355 2138 443 2170 Sicut
470 2137 543 2169 olim
573 2136 746 2179 inclinasti,

308 2185 379 2217 Non
406 2186 490 2227 quod
516 2186 548 2217 in
575 2194 669 2217 cruce
693 2186 842 2225 spiritum

307 2234 443 2274 Tradas‚
471 2234 529 2267 sed
554 2237 587 2266 te
614 2234 669 2265 des
695 2234 850 2273 placitum

353 2282 407 2315 Ad
435 2282 527 2325 illud,
555 2282 639 2323 quod
663 2282 839 2323 inchoasti3

308 2330 343 2363 Si
369 2331 410 2363 de
432 2330 508 2363 limo
533 2340 584 2363 me
609 2329 756 2363 formasti

306 2380 414 2420 Atque
438 2379 493 2419 pie
518 2379 702 2412 reformasti

355 2429 464 2469 Agens
488 2438 568 2469 opus
593 2428 766 2470 insolitum,

922 383 979 418 36.

922 978 977 1009 37.

922 1581 978 1613 38.

924 2188 979 2220 39.

991 216 1150 259 Monstra,
1179 215 1264 256 quod
1289 223 1352 246 non
1376 213 1532 246 laborasti

992 267 1060 297 Aut
1083 265 1116 297 in
1141 273 1256 297 vanum
1281 265 1314 294 te
1342 262 1478 302 vexasti,

1040 312 1110 345 Neo
1135 312 1198 345 fuit
1222 321 1300 352 opus
1325 310 1463 343 irritum,

994 380 1218 413 Fundamenta
1243 379 1397 411 ecclesiae

994 429 1031 460 In
1056 432 1089 460 te
1114 428 1179 461 filio
1202 427 1328 460 Mariae

1041 477 1201 517 Perpetuo
1227 481 1301 507 sunt
1325 474 1462 513 firmata,

994 523 1111 557 Forma
1138 525 1215 557 data
1237 524 1391 555 materiae

996 573 1027 605 A
1053 571 1141 604 fonte
1166 575 1240 604 tuae
1265 572 1388 612 gratiae

1042 620 1119 662 Dat,
1146 620 1231 661 quod
1255 620 1300 651 sit
1323 617 1541 658 sanctificata,

996 668 1116 701 Civitas
1142 670 1191 701 est
1215 668 1380 710 appellata

993 716 1200 749 Descendens
1227 719 1259 748 et
1285 716 1433 748 derivata

1039 765 1070 796 A
1095 765 1209 796 throno
1234 767 1309 796 tuae
1333 763 1464 805 gloriae,

991 812 1039 845 Ut
1061 821 1182 852 sponsa
1203 822 1223 844 a
1246 814 1280 844 te
1304 814 1416 844 ornata

994 859 1243 900 Septiformique
1270 863 1385 900 parata

1040 908 1208 940 Monilium
1239 907 1355 948 effigie.

992 975 1129 1007 Domine
1154 975 1241 1007 Deus
1267 976 1390 1014 salutm,

994 1023 1161 1055 Potentiae
1186 1025 1218 1054 et
1244 1024 1384 1064 virtutis,

1039 1071 1092 1102 Ad
1118 1074 1152 1103 te
1176 1071 1277 1103 clamo
1304 1081 1373 1103 euru
1396 1069 1536 1111 fletibus,

992 1119 1190 1151 Aestimatus
1216 1129 1286 1151 sum
1313 1129 1384 1151 cum
1410 1119 1512 1151 brutis

993 1166 1065 1198 Non
1093 1166 1309 1207 confitensque
1333 1176 1403 1200 eum
1429 1168 1536 1209 mutis,

1042 1215 1079 1247 In
1104 1215 1208 1247 lacum
1235 1215 1520 1255 descendentibus;

993 1262 1176 1295 Extraneus
1202 1272 1271 1294 sum
1296 1262 1462 1304 fratribus,

995 1311 1123 1350 Pauper
1148 1314 1178 1343 et
1202 1310 1236 1343 in
1260 1311 1425 1344 laboribus

1040 1359 1071 1390 A
1098 1359 1210 1391 diebus
1234 1359 1420 1400 iuventutis,

995 1405 1058 1438 Sed
1084 1407 1117 1438 in
1140 1407 1398 1440 miserationibus

994 1454 1071 1486 Tuis
1095 1463 1190 1495 spero
1216 1457 1417 1488 currentibus

1041 1502 1291 1544 Benigniterque
1315 1505 1439 1537 solutis.

991 1579 1238 1613 Misericordias
1262 1584 1335 1613 tuas

992 1627 1076 1669 Tibi,
1103 1628 1201 1669 Deus,
1230 1634 1404 1671 perpetuas

1040 1676 1214 1710 Exsultans
1240 1678 1313 1710 volo
1340 1681 1481 1720 cantare,

993 1723 1146 1762 Quoniam
1173 1735 1242 1768 nos,
1269 1729 1306 1757 ut
1331 1726 1456 1759 tribuas

991 1771 1120 1814 Pacem,
1146 1783 1206 1814 per
1232 1774 1357 1808 clausas
1380 1775 1495 1808 ianuas

1038 1820 1194 1861 Dignatus
1221 1831 1253 1854 es
1279 1824 1429 1864 visitare,

991 1868 1090 1910 Deus,
1117 1870 1210 1902 huius
1234 1873 1407 1905 recordare

991 1917 1098 1957 Atque
1123 1918 1217 1950 simul
1243 1928 1430 1962 memorare,

1038 1966 1142 2007 Quod,
1166 1966 1231 1999 nisi
1257 1968 1314 2001 des
1338 1969 1391 2002 vel
1413 1969 1542 2014 iufiuas,

993 2012 1055 2044 Tui
1081 2015 1171 2056 caeli,
1198 2018 1297 2057 terra,
1324 2027 1423 2059 mare,

994 2060 1039 2093 Ut
1063 2063 1192 2095 valeant
1216 2067 1249 2096 te
1273 2066 1419 2108 laudare,

1040 2109 1169 2143 Laudes
1195 2112 1315 2146 habent
1340 2115 1481 2156 exiguas

994 2186 1140 2229 Domine,
1168 2189 1343 2232 refugienti

994 2234 1164 2277 Refugium
1190 2240 1226 2270 tu
1250 2248 1283 2272 es
1308 2242 1396 2282 genti

1043 2285 1074 2316 A
1099 2286 1226 2319 saeculo
1251 2288 1284 2320 in
1309 2292 1483 2334 saeculum,

993 2333 1024 2364 A
1051 2333 1181 2367 turbine
1205 2335 1344 2370 irruenti

995 2380 1039 2413 Et
1065 2380 1149 2414 faeie
1173 2381 1279 2417 flantis
1305 2387 1393 2419 venti

1042 2430 1101 2463 Eis
1129 2440 1162 2464 es
1189 2436 1221 2464 et
1244 2433 1434 2476 latibulum3
