1655 2726
662 129 928 166 —117—

189 225 256 257 Vae
282 235 357 268 ergo
383 236 482 266 super
507 228 660 269 populum

187 272 329 307 Reorum
354 284 374 308 a
398 278 432 307 te
458 277 612 317 exsulum,

236 322 296 362 Qui
314 324 357 356 ad
371 323 433 356 hoc
449 333 512 356 non
529 327 603 356 sunt
620 324 747 367 intenti,

187 370 247 410 Qui
273 379 401 404 versum
427 371 550 404 habent
575 372 701 405 oculum

188 418 243 451 Ad
268 419 358 452 aliud
383 419 606 453 umbraculum

239 468 444 501 vanitatibus
472 469 604 503 detenti.

116 535 174 568 40.
191 534 251 574 Qui
275 535 426 569 habitant
450 537 484 569 in
508 538 615 577 patria

189 583 269 626 Tua,
296 583 395 623 Deus,
423 588 457 616 et
481 585 594 627 gloria,

239 631 339 665 Cuuei
363 635 439 666 sunt
463 635 659 675 angelorum,

189 680 227 712 In
255 690 387 722 quorum
416 685 465 714 est
490 683 636 716 custodia

188 729 259 761 Tua
285 730 366 762 duce
392 733 424 762 et
448 732 581 770 praevia

237 777 339 810 Totus
365 788 444 819 grex
470 779 716 821 catholicorum3

189 826 309 859 Tecum
336 827 431 860 etiam
455 831 638 860 sanctorum

190 875 255 907 Per
279 876 415 917 gratiam
442 878 678 917 assumptorum

237 922 320 956 Sunt
344 924 592 957 innumerabilia

187 971 338 1012 Agmina,
364 973 420 1012 qui
444 973 634 1013 gaudiorum

189 1019 395 1052 Incessanter
421 1023 532 1053 tenent
557 1021 688 1055 chorum

238 1067 412 1100 Cantantes
440 1077 510 1101 cum
536 1069 686 1102 melodia.

115 1136 172 1170 41.
189 1135 313 1168 Bonum
340 1138 399 1178 est,
427 1136 620 1177 confitearis,

194 1184 391 1225 Quicumque
416 1185 637 1227 perigrinaris,

235 1232 306 1266 Deo
330 1235 442 1266 nostro
468 1233 636 1275 altissime,

188 1281 278 1321 Quod
305 1282 421 1322 scienS,
449 1282 499 1314 cui
525 1280 704 1324 famularis,

184 1330 238 1362 Ad
264 1330 462 1363 laudandum
488 1331 647 1363 movearis

234 1378 325 1411 Totis
351 1379 475 1411 viribus
501 1380 646 1419 animae3

187 1426 246 1459 Vir
270 1427 429 1467 insipiens
454 1427 585 1460 minime

188 1474 367 1516 Cognoscet
393 1475 464 1516 hoc,
494 1485 562 1508 cum
591 1476 728 1509 maxime

235 1523 285 1556 Tu
310 1524 354 1556 sis
379 1525 466 1556 solus
493 1533 608 1565 expers
633 1525 733 1565 pariS,

187 1571 302 1613 Neque
328 1573 410 1605 sciet
435 1573 504 1613 quis
531 1573 661 1614 optime,

187 1620 334 1660 Qualiter
358 1624 395 1653 tu
416 1622 593 1654 iustissime

237 1669 423 1703 Collaudari
451 1670 609 1705 debearis,

113 1750 172 1782 42.
186 1746 344 1780 Dominus
369 1756 509 1789 regnans
534 1748 684 1781 decorem

184 1797 321 1830 Indutus
348 1799 398 1829 est
423 1799 455 1829 et
480 1797 644 1833 honorem,

235 1845 444 1879 Praecinctus
471 1844 671 1889 fortitudine,

185 1895 303 1928 Sedem
329 1896 441 1927 tenens
469 1894 636 1927 celsiorem

181 1942 227 1976 Et
253 1943 526 1977 honorabiliorem

229 1993 365 2026 Paratus
393 1995 442 2025 est
466 2002 525 2033 pro
551 1993 690 2035 homine,

182 2041 228 2076 Ut
252 2041 441 2082 absorptum
468 2042 622 2083 voragine

181 2090 298 2124 Mundi
323 2090 423 2123 maris
454 2093 486 2122 et
510 2088 642 2123 flumine

231 2139 365 2172 Sursum
391 2139 503 2171 trahat
526 2148 587 2179 per
604 2148 746 2172 amorem

179 2188 225 2221 Et
249 2189 282 2221 in
309 2188 512 2221 beatitudine

180 2236 313 2270 Dierum
341 2237 543 2278 longitudine

229 2285 317 2318 Huic
343 2286 399 2319 det
421 2286 528 2319 locum
553 2286 713 2319 tutiorem.

107 2365 164 2399 43.
180 2364 269 2397 Deus
294 2364 453 2399 ultionum
480 2363 541 2397 fuit

181 2413 266 2447 Olim
294 2413 393 2457 Deus,
422 2422 491 2446 cum
517 2414 625 2454 latuit,

229 2464 414 2504 Antequam
439 2463 534 2496 homo
558 2461 669 2502 fieret,

809 694 865 727 44.

810 1303 866 1335 45.

805 1925 860 1958 46.

881 230 971 262 Tunc
997 228 1173 263 formidare
1200 229 1310 262 debuit

879 276 1048 319 Peccator,
1077 287 1147 311 cum
1173 287 1236 310 non
1260 278 1384 320 habuit,

929 326 990 372 Qui
1011 327 1116 360 eidem
1140 329 1354 367 succurreret,

882 373 957 414 Sed,
986 375 1013 407 si
1038 376 1133 407 modo
1160 375 1354 415 consideret,

881 422 964 462 Quid
989 422 1067 455 fecit
1091 422 1179 455 Deus
1204 432 1307 464 nuper
1332 425 1364 455 et

931 470 1095 510 Quomodo
1122 480 1250 504 carnem
1275 471 1390 512 induit,

880 518 928 552 Ut
951 519 1103 551 ultionem
1129 520 1268 561 tolleret,

879 567 947 601 Iam
975 577 1036 600 non
1062 567 1170 608 habet,
1202 577 1262 608 quo
1290 568 1441 608 desperet

930 616 1095 656 Peccator,
1124 616 1177 657 qui
1203 616 1373 649 convaluit.

881 693 996 726 Venite
1023 695 1054 725 et
1079 693 1275 726 exsultemus

880 741 1020 774 Domino
1045 744 1077 773 et
1100 741 1270 774 iubilemus

928 790 1066 823 Mentali
1093 790 1271 831 devotione,

880 838 1011 872 Faciem
1037 846 1307 879 praeoccupemus

879 886 959 919 Eius
985 890 1017 918 et
1040 886 1250 927 anticipemus

930 935 967 967 In
993 944 1075 975 pura
1100 933 1309 976 confessione,

880 983 944 1015 Pro
968 986 1081 1015 nostra
1105 983 1327 1023 redemptione

880 1031 987 1071 Atque
1012 1030 1216 1071 reparatione

927 1079 1009 1111 Eum
1037 1087 1162 1119 quoque
1186 1079 1366 1119 adoremus,

881 1127 944 1160 Pro
972 1127 1048 1159 data
1071 1127 1237 1160 occasione

879 1175 931 1208 Ex
956 1175 1235 1216 praevaricatione

929 1224 1038 1256 Nihilo
1065 1223 1169 1256 minus
1195 1223 1368 1264 ploremus.

882 1301 1019 1336 Cantate
1043 1310 1160 1334 novum
1186 1301 1345 1335 canticum

880 1349 1017 1383 Domino
1044 1354 1076 1381 et
1100 1348 1315 1393 magnificum,

927 1398 1063 1430 Terreni
1088 1397 1297 1440 habitatores,

880 1448 968 1487 Opus
995 1447 1062 1478 eius
1088 1445 1269 1488 mirificum,

878 1495 950 1528 Nec
972 1495 1034 1527 ulli
1058 1497 1134 1527 sunt
1158 1493 1317 1527 artificum

927 1543 1054 1576 Similes
1081 1545 1287 1585 operatore53

878 1592 983 1633 Ligna
1008 1592 1119 1633 silvae,
1147 1593 1252 1633 campi
1277 1590 1373 1625 flores

880 1640 1019 1674 Adferte
1044 1641 1072 1672 ei
1098 1640 1247 1679 honores,

926 1689 1024 1732 Ecce,
1057 1689 1146 1722 venit
1169 1691 1245 1731 post
1267 1690 1429 1722 medicum

879 1738 1055 1771 Secludere
1077 1740 1170 1770 extra
1195 1737 1283 1771 fores

877 1786 1027 1821 Paradisi
1053 1790 1242 1827 peccatores

927 1837 991 1869 Per
1015 1835 1169 1868 iudicium
1194 1835 1369 1876 publicum.

877 1924 1034 1956 Dominus
1060 1932 1198 1964 regnans
1222 1924 1362 1964 imperat

876 1973 920 2005 Et
944 1973 1007 2005 iam
1032 1972 1165 2005 veniens
1189 1975 1345 2013 properat

925 2021 979 2054 Ad
1007 2023 1184 2053 extremum
1208 2021 1373 2061 iudicium,

876 2071 964 2111 Quae
989 2073 1164 2111 expectans
1188 2070 1338 2112 latuerat,

876 2118 1006 2151 Iustitia
1030 2118 1192 2151 accelerat

926 2166 1004 2200 Cum
1031 2176 1067 2200 eo
1093 2167 1136 2200 ad
1161 2167 1377 2208 praetorium3

876 2215 968 2257 Fuge
994 2217 1098 2248 cultor
1123 2215 1321 2256 sculptilium

878 2265 1042 2305 Quaerens
1067 2264 1129 2298 tibi
1153 2263 1324 2306 refugium,

923 2313 974 2346 Ne
999 2316 1076 2346 tunc
1099 2314 1199 2346 iudex
1223 2316 1255 2345 te
1282 2316 1438 2357 conterat,

878 2362 992 2396 Gaude
1018 2371 1143 2404 quoque
1168 2365 1203 2395 tu
1227 2362 1370 2405 nimium,

878 2411 938 2452 Qui
963 2412 1066 2444 iustus
1092 2420 1136 2453 es,
1163 2420 1234 2444 nam
1262 2412 1440 2452 praemium

926 2460 1060 2493 Grande
1084 2459 1145 2493 tibi
1170 2464 1355 2503 exaggerat.
