1655 2726
630 128 894 165 *179—

671 247 858 281 LXXXIX.

103 320 184 354 906.
199 320 346 366 Domine,
375 323 419 355 sis
444 322 604 365 refugium

198 369 374 403 Reverenti
399 374 487 403 tuam
510 377 646 405 matrem

198 417 435 460 Compulsoque
458 420 493 452 in
516 421 639 453 invium

198 467 358 500 Ostendes
384 471 417 500 te
443 468 568 501 dulcem
587 468 731 504 fratrem.

796 326 874 359 909.
889 324 958 358 Mei
984 327 1114 358 cunctos
1140 327 1216 358 tunc
1243 323 1387 356 defectus

888 373 986 406 Volet
1009 373 1108 406 Satan
1135 373 1283 413 recitare,

887 421 953 454 Sed
975 425 1049 453 tuus
1072 420 1200 462 fulgens
1224 424 1373 462 aspectus

888 469 983 503 Hunc
1009 468 1107 502 faciat
1132 469 1272 502 latitare.

100 553 346 588 907.Fratrem
382 558 525 588 nostrum
551 565 587 587 se
612 554 733 589 faciens
794 556 873 590 910.
889 556 1035 588 Latitare
1060 564 1123 588 non
1146 557 1269 596 potero,

197 603 288 635 lesus
313 611 353 635 ex
377 606 411 635 te
435 605 525 636 nasci
550 603 670 643 volens,

198 651 261 683 Per
287 654 319 682 te
344 660 402 683 nos
427 652 471 683 sit
496 652 636 692 eripiens

197 699 406 732 Peccatorum
431 703 566 733 mortem
591 701 713 736 nolens..

98 786 181 820 908.
195 785 319 818 Nolens
343 786 488 819 homines
513 788 663 830 perdere,

195 835 260 867 Pro
286 835 403 875 quibus
427 834 467 867 fis
492 837 596 868 mater
620 835 694 877 Dei,

193 883 233 915 In
258 883 345 916 vitae
369 892 460 915 meae
484 892 619 924 vespere

192 931 388 974 Recordare,
415 931 516 973 virgo,
543 932 617 965 mei.

887 603 952 637 Sed
976 613 1137 645 apparens
1164 603 1336 644 despiciar,

885 652 959 685 Nisi
984 652 1036 685 die
1060 656 1127 684 tam
1149 660 1264 692 aspero

884 700 916 733 A
941 704 983 742 te,
1009 704 1122 742 mater,
1148 700 1315 741 respiciar.

791 788 872 821 911.
886 786 1056 827 Respiciar
1082 795 1157 829 ergo
1180 795 1255 819 reus

884 836 916 869 A
940 840 974 868 te
999 835 1053 869 die
1075 837 1143 867 tam
1167 836 1273 874 anxia,

883 884 1001 925 Maria,
1028 893 1121 924 quam
1148 882 1226 916 fecit
1247 883 1335 916 Deus

883 931 1144 973 Praeceptricem
1168 932 1201 964 in
1226 931 1339 972 gloria.

445 1019 526 1053 912.
541 1018 655 1052 Gloria
678 1018 851 1052 ineffabilis

538 1066 624 1107 Tibi,
651 1067 767 1110 Maria,
793 1067 922 1109 iugiter,

538 1115 608 1155 Qua
631 1124 709 1157 gens
733 1115 977 1148 innumerabilis

541 1162 707 1196 Gloriatur
732 1162 882 1198 feliciter.

92 1375 252 1414 913.Qui
277 1375 404 1409 habitat
427 1384 506 1408 vero
533 1377 632 1409 corde

189 1424 322 1466 Tecum,
348 1427 451 1457 mater
476 1424 644 1464 altissima,

187 1472 240 1505 Ab
267 1473 353 1504 omni
377 1472 503 1512 peccati
528 1474 626 1506 sorde

187 1520 313 1563 Expias
340 1522 406 1554 eius
431 1521 555 1555 intima.

93 1609 308 1642 914.Intima
331 1617 423 1640 meae
446 1609 574 1642 animae

190 1657 336 1697 Suscipe‚
364 1665 490 1697 precor,
516 1657 551 1690 in
577 1666 696 1698 curam,

188 1706 351 1744 Quatenus
376 1703 466 1738 ferae
491 1706 651 1746 pessimae

190 1753 252 1787 Dei
278 1755 388 1787 sinant
413 1758 604 1789 creaturam.

91 1843 173 1876 915.
190 1840 381 1875 ereaturam
404 1850 457 1874 me
480 1841 607 1875 munias

186 1890 333 1934 Angelis,
361 1889 467 1923 furum
492 1889 613 1924 fessato

188 1938 249 1979 Qui
274 1938 411 1972 latentes
437 1939 573 1972 insidias

186 1986 339 2029 Effugant
364 1991 418 2020 tuo
444 1989 608 2023 mandato.

90 2078 171 2112 916.
186 2076 346 2109 Mandat-,o
371 2078 427 2109 tuo
453 2077 561 2116 parati

183 2125 383 2166 Angelorum
408 2124 610 2166 principatus

186 2173 336 2208 Basilisci
363 2174 495 2207 venanti

186 2224 330 2264 Tergant
355 2232 375 2254 a
399 2231 450 2255 me
475 2222 574 2265 visus,
600 2221 706 2255 flatus.

90 2312 172 2347 917.
187 2310 302 2344 Flatus
328 2312 497 2352 praestent
520 2309 683 2350 paracliti,

185 2359 307 2401 Quibus
333 2357 441 2392 afflari
467 2368 579 2391 sanum
607 2361 665 2398 est,

184 2409 249 2442 Per
273 2417 392 2444 nomen
416 2407 583 2449 unigeniti,

188 2458 280 2499 Quod
308 2456 454 2490 confiteri
480 2457 598 2490 bonum
625 2458 682 2489 est.

720 1288 790 1323 XC.

787 1376 868 1410 918.
882 1376 1008 1408 Bonum
1034 1378 1084 1408 est
1107 1384 1272 1418 magnum,
1299 1375 1416 1417 Maria,

881 1425 921 1457 In
945 1427 978 1456 te
1003 1432 1131 1465 semper
1157 1423 1328 1468 confidere,

882 1473 947 1506 Res
973 1472 1112 1505 salubris
1137 1473 1171 1504 in
1197 1473 1258 1504 hac
1282 1473 1334 1505 via

882 1522 930 1554 Te
955 1531 1026 1553 cum
1052 1521 1125 1553 Iesu
1149 1521 1302 1553 recolere.

787 1610 868 1644 919.
882 1608 1013 1650 Recole,
1037 1608 1149 1650 regina
1174 1609 1325 1652 clemens,

882 1658 929 1690 Te
952 1667 1011 1698 pro
1038 1657 1102 1689 reis
1132 1656 1250 1689 factam
1277 1666 1357 1699 esse,

881 1706 926 1738 Et
950 1715 1036 1738 nunc
1051 1706 1084 1737 in
1104 1714 1159 1738 cor
1175 1705 1217 1738 ad
1235 1709 1267 1737 te
1283 1715 1413 1746 gemens

881 1754 988 1794 Mitte,
1017 1754 1174 1795 quidquid
1200 1757 1249 1786 est
1273 1763 1414 1789 necesse.

788 1844 869 1876 920.
884 1842 1027 1874 Necesse
1051 1844 1102 1873 est
1124 1841 1159 1873 in
1184 1841 1246 1873 hac
1270 1841 1325 1874 via

881 1891 955 1923 Iesu
980 1890 1116 1930 gratiam
1142 1890 1273 1930 habere,

882 1939 951 1979 Qua
976 1938 1074 1979 vivat,
1101 1940 1133 1970 et
1157 1940 1203 1980 tu,
1231 1938 1347 1977 Maria,

883 1987 978 2020 Hanc
1003 1986 1124 2020 habens
1150 1987 1231 2019 velis
1248 1986 1416 2028 praebere.

785 2076 865 2110 921.
882 2076 1053 2115 Praebere,
1079 2074 1197 2117 Maria,
1223 2075 1308 2107 soles

881 2124 959 2156 Tuis
986 2124 1103 2157 donum
1129 2123 1280 2164 speciale,

880 2173 1013 2214 Hosque
1037 2172 1138 2213 Iesus,
1166 2174 1222 2204 tua
1246 2172 1365 2213 proleS,

882 2222 1079 2254 Prudentiae
1105 2221 1214 2253 condit
1240 2220 1316 2254 sale.

785 2310 866 2344 922.
881 2309 955 2342 Sale
980 2317 1072 2341 sacro
1098 2308 1252 2341 scientiae

882 2358 1019 2392 Condito
1043 2357 1109 2389 iam
1133 2356 1255 2390 Basilio

881 2407 1003 2440 Sedens
1029 2407 1062 2439 in
1089 2405 1203 2439 throno
1228 2406 1351 2448 gloriae

881 2456 959 2489 Visa
985 2464 1018 2488 es
1043 2455 1131 2497 loqui
1155 2454 1231 2488 filio.

1181 2510 1242 2541 12*
