1655 2726
204 210 262 245 17.

203 436 258 468 18.

197 667 255 701 19.

196 901 253 934 20.

197 1133 256 1167 21.

195 1369 252 1401 22.

191 1602 250 1635 23.

189 1837 244 1869 24.

186 2072 243 2104 25.

184 2308 240 2340 26.

738 119 975 156 „93—

288 210 469 255 Innubiles,
497 217 660 258 virgineae

337 263 534 297 Tumescunt
557 266 600 298 tis
625 266 798 308 mamillae,

287 311 481 345 Praeclarae
507 313 609 346 botris
634 314 749 346 vineae

335 360 417 393 Nam
446 364 675 402 comparantur
699 363 785 394 illae.

285 433 425 481 Regina,
452 442 525 471 tuus
551 443 665 472 venter
691 444 741 472 est

334 486 382 519 Ut
405 487 519 520 hortus
548 488 788 531 circumclusus,

285 534 343 574 Qui
370 533 505 568 floribus
529 535 715 577 frequenter
741 541 791 569 est

332 583 552 616 Vernantibus
578 583 738 626 perfusus.

283 665 478 703 Gratissima
502 675 539 703 tu
562 670 693 712 femina,

333 718 419 751 Prae
445 720 562 752 ceteris
589 721 700 763 electa,

285 766 368 799 Sunt
392 770 449 799 tua
475 776 570 802 crura
594 769 721 809 gemina

333 814 530 857 Marmorea,
558 816 692 850 directa.

281 898 406 935 Ornatu
434 903 640 935 devotissimo

325 950 553 991 Fulgentiores
579 954 667 983 astro

279 997 375 1030 Stant
399 999 510 1042 pedes,
535 998 730 1031 nitidissimo

329 1046 390 1087 Qui
416 1051 490 1079 sunt
517 1056 557 1080 ex
582 1047 757 1081 alabastro.

281 1130 433 1175 Miratur,
460 1143 548 1175 ecce,
575 1134 658 1167 ratio

331 1182 662 1224 Superexcellentive‚

279 1231 372 1271 Quod
400 1231 482 1264 cutis
510 1231 673 1265 dealbatio

327 1279 506 1313 Candidior
529 1281 571 1313 sit
595 1281 679 1314 nive.

279 1364 327 1402 At
351 1370 421 1400 tota
446 1368 615 1409 dispositio

325 1417 382 1449 Tis
409 1417 554 1457 corporis
580 1417 699 1450 sacrati

277 1464 332 1497 Sic
358 1468 448 1497 earet
472 1466 558 1497 omni
582 1465 662 1497 vitio

324 1513 492 1555 Reatuque
516 1514 654 1556 peccati,

278 1598 410 1635 Revera
434 1601 520 1641 quod
546 1610 605 1641 per
629 1600 756 1641 singula

326 1649 482 1690 Nequibit
508 1649 672 1690 explicare

276 1698 347 1731 Vox
372 1704 427 1730 aut
454 1698 595 1730 humana
619 1697 743 1738 lingula

324 1746 490 1787 Condigne
514 1746 700 1780 collaudare

269 1832 466 1870 Immensam
492 1834 780 1877 pulchritudinem,

323 1883 489 1917 Sinceram
517 1884 695 1926 caritatem,

272 1933 476 1966 Praecelsam
505 1932 757 1965 sanctitudinem

322 1982 489 2022 Tuamque
517 1982 716 2023 dignitatem.

269 2067 325 2104 Ad
351 2070 501 2102 dextram
527 2070 589 2103 Dei
615 2069 676 2103 filii

319 2119 449 2151 Vestita
475 2119 641 2159 deaurate,

271 2167 353 2209 Spes
380 2167 473 2200 nobis
502 2176 535 2199 es
561 2167 674 2200 auxilii

320 2215 415 2248 Nunc
441 2225 512 2248 cum
539 2216 708 2249 varietate.

271 2301 442 2340 Gemmata
466 2304 665 2338 iacinthinea

321 2353 399 2387 Cum
425 2356 515 2386 veste
542 2356 609 2386 stas
635 2353 763 2396 amicta,

269 2402 348 2435 Cum
375 2402 547 2443 chlamyde
573 2402 732 2444 coccinea,

315 2451 366 2486 Tu
390 2451 481 2492 virgo
508 2451 691 2485 benedicta.

902 221 958 253 27.

901 443 956 476 28.

900 666 956 698 29.

899 887 954 919 30.

895 1330 950 1362 32.

893 1554 948 1586 33.

890 1788 946 1820 34.

890 2022 946 2054 35.

889 2254 944 2288 36.

985 217 1144 261 Respiras
1168 220 1257 252 velut
1282 218 1412 261 tragula

1036 269 1114 302 Cum
1140 277 1285 308 purpura
1310 268 1359 300 bis
1382 269 1493 309 tincta,

986 317 1112 349 Vestita
1136 317 1227 349 molli
1251 317 1405 357 stragula,

1034 365 1113 398 Cum
1137 365 1245 397 balteo
1271 365 1469 405 praecincta.

983 440 1031 477 At
1055 445 1091 475 tu
1117 451 1188 474 cum
1214 445 1302 475 ostro
1325 443 1416 475 vario

1033 491 1105 524 stas
1130 491 1266 530 pulchre
1290 491 1452 534 redimita,

985 539 1062 572 Cum
1090 547 1187 578 opere
1213 539 1372 579 plumario

1030 587 1193 620 Decenter
1217 587 1380 628 insignita.

984 662 1034 698 Tu
1059 664 1156 705 bysso
1182 666 1268 696 torta
1292 666 1407 705 serico,

1031 712 1148 754 Maria,
1176 712 1395 753 circumdaris,

983 761 1008 794 O
1034 760 1143 793 rosula
1169 761 1210 793 de
1234 761 1372 801 Iericho,

1030 809 1206 842 Praeclara
1231 809 1328 841 stella
1353 809 1461 842 maris.

981 883 1022 920 In
1046 885 1211 928 polymitis
1239 886 1380 918 vestibus

1030 934 1100 967 Nec
1123 943 1186 966 non
1212 933 1388 966 aurificatis

979 982 1128 1015 Laetaris
1156 991 1225 1014 cum
1250 982 1443 1014 caelestibus

1028 1029 1205 1070 Spiritibus
1230 1030 1345 1064 beatis,

946 1134 952 1141 .
979 1104 1116 1141 Assistis
1141 1106 1174 1137 in
1202 1106 1360 1139 cubilibus

1028 1154 1184 1197 Supernis
1211 1155 1361 1196 exaltata,

978 1203 1191 1243 Mur-aemulis,
1218 1203 1389 1235 monilibus

1025 1252 1071 1284 Et
1095 1252 1223 1284 annulis
1249 1254 1372 1286 ornata.

977 1326 1162 1363 Praeclaris
1189 1332 1221 1360 et
1244 1329 1421 1361 nitentibus

1026 1378 1104 1412 Cum
1131 1378 1299 1419 gemmulis
1325 1378 1446 1420 politis,

978 1426 1014 1458 In
1041 1425 1178 1458 fimbriis
1205 1425 1403 1467 fulgentibus

1028 1475 1162 1508 Ornaris
1188 1475 1384 1518 margaritis,

975 1548 1129 1586 Lucifluis
1156 1552 1371 1593 carbunculis,

1025 1601 1212 1642 Smaragdis
1238 1603 1272 1632 et
1296 1601 1469 1644 crystallis,

978 1649 1125 1690 Saphiris
1152 1652 1185 1681 et
1207 1649 1417 1690 iaspunculis,

1026 1698 1251 1738 chrysolithis,
1280 1698 1420 1740 corallis,

974 1783 1152 1828 Eutropiis,
1179 1785 1326 1828 topaziis,

1023 1834 1189 1877 lacinthis,
1218 1835 1419 1877 amethystis,

975 1883 1125 1925 RubiniS,
1153 1883 1393 1924 chrysopraziis

1022 1931 1202 1973 Lapidibus
1230 1932 1350 1976 electis,

974 2017 1160 2055 Nitentibus
1186 2020 1358 2063 sardoniis,

1024 2069 1163 2110 Pyropis
1190 2072 1223 2101 et
1246 2069 1392 2113 beryllis,

975 2118 1099 2150 Electis
1128 2117 1318 2150 cassidoniis

1024 2166 1105 2200 Cum
1133 2166 1249 2198 ceteris
1275 2166 1409 2207 lapilliS.

970 2252 1106 2289 Auratis
1129 2253 1163 2285 in
1190 2254 1356 2295 sandaliis,

1020 2303 1120 2342 Quam
1140 2302 1295 2342 pulchros
1313 2303 1413 2337 habes
1426 2314 1515 2346 gres-

1280 2360 1346 2393 sus,

971 2401 1009 2434 In
1037 2399 1235 2433 ornamentis
1262 2400 1335 2433 aliis

1018 2449 1080 2482 Est
1105 2448 1254 2489 plurimis
1281 2458 1442 2483 excessus.
