1655 2726
253 212 307 244 17.

251 435 306 467 18.

252 665 307 699 19.

246 897 303 929 20.

248 1126 306 1160 21.

246 1358 302 1390 22.

247 1589 302 1621 23.

241 1821 296 1852 24.

239 2054 296 2086 25.

237 2285 294 2318 26.

784 113 1022 148 —84—

334 212 474 253 Diligam
500 215 543 255 te,
569 213 672 245 virtus
696 221 780 255 mea,

334 260 398 293 Sed
424 260 531 292 anima
554 264 623 293 tota.
647 269 713 302 rea,

333 309 466 341 Veniam
491 309 569 341 mihi
594 317 657 341 non
682 318 776 352 nega,

332 356 514 391 Paenitenti
539 366 615 390 vero
640 360 674 388 te
700 357 751 389 da.

335 434 424 467 Caeli
449 436 482 465 et
505 436 590 466 totus
615 434 753 467 mundus

331 483 497 515 Enarrant.
521 485 553 514 te
578 481 648 515 fore
670 483 768 524 piam,

331 530 414 564 Dele
438 531 564 570 peccati
587 530 720 572 pondus,

330 578 377 612 Ut.
400 581 434 609 te
458 579 593 611 laudare
617 579 726 612 sciam.

334 665 499 698 Exaudiat
521 668 555 697 te
576 665 674 708 filius,

336 714 395 753 Qui
430 714 605 746 seeundum
632 722 759 745 carnem
785 716 868 752 tuus,

336 761 401 794 Sed
429 770 498 793 cum
523 765 616 803 patre
640 761 728 794 Deus
752 772 833 794 unus

333 809 424 842 Dans
449 810 646 842 remissionis
671 819 794 842 munus.

329 895 477 937 Domine,
504 896 539 927 in
562 896 684 928 virtute

328 943 454 976 Mariae
478 944 526 975 sic
550 943 687 984 confido,

328 992 374 1025 Ut
398 992 510 1023 vivens
537 993 631 1025 valde
656 994 725 1023 tute

330 1039 399 1072 Sibi
424 1049 558 1081 sperans
582 1049 646 1073 non
672 1039 796 1074 diffido,

331 1127 431 1166 Deus,
456 1126 555 1167 Deus,
580 1126 717 1170 respice,

331 1175 381 1207 Ne
406 1183 507 1206 vacua
529 1175 573 1206 sit
595 1175 629 1207 in
655 1183 691 1206 re

333 1222 446 1256 Gratia
471 1226 526 1254 tua
549 1223 583 1254 in
607 1230 667 1261 me,

328 1272 428 1311 Quam
453 1270 562 1303 Maria
587 1271 643 1303 dat
667 1278 705 1303 ex
729 1279 773 1303 se.

328 1356 485 1390 Dominus
510 1357 594 1397 regit
616 1359 658 1399 te,

327 1406 447 1445 Mater,
471 1408 507 1436 ut
531 1405 691 1437 retribuas

327 1453 407 1485 Eius
434 1454 467 1483 et.
490 1456 602 1485 contra
627 1461 684 1484 vae

328 1500 473 1534 Gratiam
504 1501 688 1533 distribuas

329 1587 461 1620 Domini
486 1591 536 1619 est
559 1590 649 1620 terra
672 1590 773 1628 grata,

327 1635 449 1677 Spiritu
475 1638 586 1668 sancto
611 1638 733 1678 ornata,

324 1684 441 1727 Maria,
471 1684 512 1716 de
537 1693 601 1724 qua
622 1687 671 1716 est
694 1687 771 1717 nata

327 1732 493 1773 Sapientia
517 1732 672 1765 increata.

324 1820 378 1852 Ad
404 1821 447 1860 te,
473 1819 573 1863 virgo,
601 1819 707 1851 levavi

325 1867 388 1900 Cor
411 1875 515 1898 meum
540 1868 674 1899 multum
700 1868 824 1911 sitiens,

321 1916 373 1949 Ex
399 1918 431 1948 te
456 1924 507 1947 me
532 1915 685 1955 recreavi,

321 1965 409 2005 Quae
434 1962 505 1995 fons
531 1972 564 1997 es
590 1962 787 1997 indeficiens.

321 2052 435 2084 ludica
458 2060 519 2091 me,
549 2051 687 2091 domina,

321 2100 447 2133 Iudicio
472 2109 532 2139 pro
557 2108 609 2131 me
634 2101 695 2139 sta,

324 2149 410 2182 Filio
435 2156 624 2188 responsum
652 2147 703 2187 da,

322 2197 369 2230 Ut
393 2196 500 2230 vivam
524 2205 584 2237 per
608 2195 745 2229 saecula.

320 2284 477 2317 Dominus
500 2283 692 2316 illuminatio

322 2332 384 2366 Est
410 2332 518 2364 cordis
543 2332 719 2375 virginaliS,

323 2381 368 2414 Et
391 2381 473 2414 haee
498 2384 548 2413 est.
569 2389 685 2422 magna
708 2380 791 2413 ratio

322 2429 453 2463 Amoris
479 2430 641 2462 cordialis.

948 214 1003 245 27.

943 436 998 468 28.

941 667 998 699 29.

939 898 996 930 30.

937 1128 993 1160 31.

939 1359 995 1391 32.

935 1589 990 1622 33.

934 1821 989 1853 34.

933 2052 989 2085 35.

931 2284 987 2317 36.

1029 211 1086 246 Ad
1110 214 1153 251 te,
1181 212 1283 253 virgo,
1310 208 1464 250 clamabo,

1028 261 1084 293 Me
1109 262 1211 292 totum
1236 260 1295 292 tibi
1318 257 1410 300 dabo,

1028 310 1067 342 In
1093 311 1149 340 tua
1172 309 1277 350 gratia
1301 306 1401 348 stabo,

1027 358 1081 391 Sic
1111 360 1144 389 te
1168 366 1296 397 semper
1321 353 1561 387 commendabo.

1025 434 1148 467 Afferte
1173 442 1305 466 munera
1330 432 1369 472 ei,

1027 483 1115 523 Quae
1140 482 1271 514 verbum
1298 489 1372 513 caro
1397 479 1509 521 tenuit,

1025 531 1115 564 Sicut
1138 539 1229 571 reges
1249 530 1319 563 Deo
1344 528 1422 568 regi,

1025 579 1121 619 Quem
1148 582 1251 610 mater
1275 577 1366 618 virgo
1392 575 1510 618 genuit,

1022 665 1181 700 Exaltabo
1207 664 1401 706 genetricem

1023 714 1102 746 Filii
1126 713 1187 746 Dei
1214 713 1352 755 felicem,

1024 764 1111 803 Quae
1135 762 1272 794 animam
1297 759 1457 792 infelicem

1026 810 1216 843 Consolatur
1239 809 1464 850 peccatricem.

1020 897 1060 929 In
1084 899 1126 938 te,
1154 896 1254 939 virgo,
1279 895 1410 936 speravi

1023 945 1194 977 Custodiae
1218 947 1292 976 tuae
1319 944 1423 985 datus,

1020 995 1050 1025 A
1074 992 1217 1032 peccatis
1243 991 1323 1024 mihi
1347 991 1426 1031 cavi,

1019 1041 1057 1074 In
1083 1041 1226 1080 peccatis
1251 1045 1359 1073 tamen
1384 1042 1488 1072 natus.

1019 1127 1123 1169 Beati,
1151 1136 1284 1167 quorum
1311 1126 1430 1159 delicta

1019 1175 1094 1208 Sive
1119 1173 1216 1216 facta,
1243 1176 1312 1207 sive
1338 1174 1427 1207 dicta

1018 1223 1157 1262 Propter
1182 1226 1215 1255 te
1240 1225 1317 1255 sunt
1343 1223 1498 1255 derelicta

1020 1271 1222 1305 Conscientia
1247 1281 1311 1304 non
1336 1269 1422 1304 ficta.

1020 1357 1204 1396 Exsultate,
1230 1357 1308 1390 iusti
1335 1356 1414 1390 facti

1017 1406 1079 1437 Per
1103 1405 1252 1447 Mariam,
1280 1414 1360 1447 quae
1384 1407 1516 1439 novavit

1016 1455 1081 1486 Vos
1108 1456 1141 1484 et
1164 1463 1287 1486 memor
1314 1455 1410 1487 vestri
1437 1456 1536 1495 pacti,

1017 1501 1151 1542 Quando
1175 1511 1289 1542 paoem
1314 1501 1513 1536 reformavit.

1017 1588 1211 1621 Benedicam
1237 1592 1280 1629 te,
1308 1598 1389 1629 quae
1414 1599 1447 1622 es

1015 1636 1194 1669 Benedicta
1218 1646 1316 1678 super
1341 1646 1450 1671 omnes

1016 1685 1062 1717 Et
1085 1684 1170 1716 inter
1194 1686 1343 1718 mulieres

1016 1734 1226 1766 Peccatorum
1252 1743 1329 1766 vera
1354 1743 1440 1775 speS.

1016 1819 1130 1853 Indica
1152 1828 1204 1852 me
1227 1820 1462 1866 impugnantes,

1015 1869 1084 1901 Tua
1108 1877 1198 1900 arma
1223 1869 1433 1909 apprehende

1014 1917 1060 1949 Et
1084 1916 1208 1956 repelle
1232 1917 1455 1961 malignantes,

1014 1964 1216 1997 Adiutricem
1240 1969 1274 1998 te
1298 1968 1443 2002 ostende.

1014 2050 1107 2083 Dixit
1130 2050 1268 2085 iniustus
1295 2052 1422 2087 dolose:

1014 2099 1109 2132 Hunc
1136 2099 1327 2134 confundam
1356 2104 1509 2148 captiose,

1015 2148 1124 2190 obsta,
1152 2148 1253 2190 virgo,
1280 2151 1430 2192 gratiose,

1014 2196 1064 2228 Ne
1088 2195 1135 2228 sic
1161 2198 1275 2230 eadam
1299 2199 1424 2236 vitiose,

1012 2283 1089 2315 Noli
1114 2285 1278 2327 aemulari,
1305 2286 1386 2319 dicis

1013 2331 1108 2371 Mihi,
1135 2333 1225 2374 virgo
1251 2334 1434 2378 benedicta,

1013 2380 1052 2412 ln
1076 2381 1337 2425 malignantibuS,
1365 2385 1393 2417 si
1417 2387 1478 2427 vis,

1013 2428 1064 2461 Ne
1087 2431 1201 2471 tangat
1225 2437 1258 2463 te
1283 2432 1438 2469 vindicta.
