1655 2726
527 662 578 694 IV.
619 663 813 695 Psalterium
833 663 950 696 beatae
968 663 1087 695 Mariae
1108 662 1143 694 V.

574 728 705 757 auctore
730 726 910 766 Theophilo
936 726 1101 759 monacho.

591 830 732 864 Prima
763 831 1082 872 Quinquagena.

189 911 221 941 1.
249 908 372 951 Gaude,
401 909 504 949 virgo,
530 911 634 940 mater
658 908 789 951 Christi,

248 957 336 996 Quae
360 958 394 989 in
420 957 473 988 via
497 966 560 988 non
586 955 706 988 stetisti

296 1005 443 1038 Peccatis
470 1004 618 1047 obnoxia,

245 1053 310 1086 Sed
337 1055 370 1086 in
397 1053 468 1093 lege
492 1052 555 1085 Dei
584 1053 678 1084 docte

245 1102 307 1134 Die
332 1101 495 1134 meditans
522 1104 554 1133 et
579 1104 674 1133 nocte

297 1149 413 1183 Vixisti
438 1149 580 1183 innoxia.

210 1266 216 1272 .
246 1237 371 1279 Gaude,
402 1237 502 1277 virgo,
528 1235 603 1268 labe
629 1245 752 1276 carens,

245 1286 332 1318 Miro
359 1285 454 1318 modo
481 1285 567 1325 regis
593 1293 722 1326 parens,

294 1335 354 1375 Qui
380 1333 539 1376 gubernat
564 1333 680 1374 omnia,

245 1383 283 1415 In
309 1392 402 1423 quem
429 1380 553 1414 frustra
578 1382 758 1413 saevientes

245 1432 328 1465 Olim
356 1430 558 1463 fremuerunt
582 1434 694 1471 gentes

293 1480 461 1512 Sectantes
487 1479 607 1511 inania.

210 1594 218 1602 .
244 1567 369 1608 Gaude,
397 1567 502 1610 stella,
533 1567 596 1600 dux
622 1575 768 1606 aurorae,

246 1617 347 1656 Quam
379 1618 549 1656 sequentes
575 1615 609 1646 in
634 1615 808 1656 splendore

294 1665 400 1697 Verae
426 1664 507 1696 lucis
533 1663 710 1705 ambulant,

244 1714 290 1746 Te
317 1716 488 1754 praesente
513 1721 548 1744 se
575 1712 748 1745 absentent

245 1762 314 1795 Nec
339 1772 375 1795 se
401 1761 494 1794 nobis
520 1763 766 1802 repraesentent

292 1811 423 1849 Hostes,
451 1810 506 1851 qui
530 1819 589 1842 nos
615 1810 783 1843 tribulant.

209 1925 216 1933 .
245 1899 368 1942 Gaude,
397 1908 479 1939 quae
506 1898 635 1931 divinae
660 1898 750 1931 laudi

242 1948 434 1989 Mancipata
459 1956 622 1987 nunquam
649 1945 758 1979 fraudi

293 1996 421 2030 Dedisti
447 1996 624 2034 introitum,

244 2045 450 2078 Invocantem
477 2054 528 2077 me
553 2045 670 2077 exaudi

244 2094 315 2127 Nec
340 2093 509 2135 permittas
535 2094 614 2125 mihi
641 2092 748 2126 claudi

291 2142 443 2176 Paradisi
468 2142 602 2177 aditum.

207 2255 214 2262 .
243 2230 368 2272 Gaude,
395 2231 498 2271 virgo,
526 2239 609 2271 quae
625 2238 685 2271 per
701 2229 805 2262 Deum

243 2279 305 2312 Dei
330 2283 446 2320 mater,
472 2279 565 2312 vides
592 2288 663 2311 eum

293 2329 330 2361 In
357 2328 494 2370 perenni
517 2328 629 2369 gloria,

243 2376 379 2419 Percipe
405 2377 579 2410 clamorem
604 2385 710 2409 meum

241 2427 287 2460 Et
311 2428 438 2468 perduc
461 2435 513 2458 me
538 2426 580 2459 ad
606 2429 774 2467 tropaeum

289 2476 335 2509 Et
360 2476 517 2516 triumphi
543 2475 671 2516 gaudia.

906 910 938 943 6.
966 909 1091 950 Gaude,
1119 909 1213 941 dulce
1235 918 1353 941 sonans
1378 908 1452 950 lira,

967 958 1029 990 Per
1055 961 1087 989 te
1111 957 1226 988 summi
1251 957 1336 998 regis
1362 957 1412 988 ira

1015 1005 1127 1038 Delira
1154 1005 1332 1045 corripiens

965 1054 1018 1086 Ita
1043 1053 1135 1086 nobis
1159 1054 1336 1094 mitigetur,

964 1101 1009 1134 Ut
1035 1101 1172 1134 infirmis
1201 1100 1407 1133 confirmetur

1013 1149 1141 1182 Sanitas
1170 1150 1372 1183 conveniens

906 1239 937 1270 7.
965 1237 1090 1280 Gaude,
1117 1235 1187 1268 Deo
1213 1245 1341 1276 semper
1366 1237 1502 1268 haerens

962 1287 1007 1318 Et
1031 1286 1094 1317 iam
1119 1285 1165 1316 nil
1191 1285 1309 1317 hostile
1337 1293 1464 1326 verens,

1013 1334 1074 1366 Pro
1099 1341 1151 1364 me
1175 1333 1269 1365 obsta
1294 1332 1449 1372 hostibus,

964 1384 1026 1415 Per
1056 1383 1185 1415 diversa
1210 1384 1443 1421 temptamenta

963 1430 1013 1463 De
1038 1430 1150 1463 radice
1176 1430 1337 1462 virulenta

1011 1478 1166 1511 Mundum
1194 1477 1472 1518 persequentibus

903 1568 935 1600 8.
964 1567 1088 1607 Gaude,
1118 1566 1216 1607 virgo,
1245 1566 1313 1598 eius
1338 1570 1454 1606 mater,

966 1615 1061 1648 Cuius
1087 1614 1149 1648 Dei
1174 1614 1263 1646 Deus
1289 1617 1394 1656 pater,

1011 1664 1108 1697 Cuius
1134 1663 1328 1696 admirabile

961 1712 1024 1745 Est
1047 1713 1079 1744 in
1107 1711 1186 1743 orbe
1210 1720 1326 1744 nomen
1352 1715 1431 1753 toto,

962 1761 1055 1794 Omni
1079 1761 1343 1802 praeponendum
1369 1762 1452 1804 voto,

1010 1809 1096 1842 Prae
1122 1809 1245 1841 cunctis
1271 1809 1421 1841 amabile.

902 1899 934 1931 9.
963 1897 1087 1939 Gaude,
1116 1897 1204 1929 cuius
1231 1897 1379 1940 altitudO,

962 1946 1049 1979 Mira
1074 1946 1164 1978 cuius
1189 1946 1397 1987 pulchritudo

1011 1995 1106 2037 Viget
1131 1995 1201 2027 sine
1226 1995 1373 2037 termino,

961 2043 1040 2085 Fac,
1068 2045 1170 2076 eiecto
1198 2042 1366 2076 Cananaeo

962 2093 1009 2127 Ut
1033 2093 1067 2125 in
1092 2095 1161 2124 toto
1189 2092 1288 2124 corde
1312 2100 1383 2123 meo

1013 2139 1176 2175 Confitear
1200 2140 1352 2175 Domino.

879 2230 935 2263 10.
963 2229 1089 2269 Gaude,
1118 2228 1207 2260 cuius
1232 2226 1417 2260 indefessae

963 2276 1101 2311 Caritati
1126 2277 1172 2308 nil
1199 2276 1314 2308 obesse

1012 2326 1165 2359 Inimicus
1190 2326 1307 2367 potuit,

962 2376 995 2408 Is
1020 2376 1053 2408 in
1078 2374 1167 2408 nullo
1195 2372 1407 2420 confortetur,

962 2424 1027 2457 Sed
1055 2427 1087 2456 et
1112 2432 1170 2464 per
1195 2425 1229 2455 te
1252 2425 1481 2464 pessumdetur

1010 2473 1062 2506 Ab
1089 2473 1148 2516 hiS,
1177 2472 1292 2513 quibus
1318 2472 1433 2508 obfuit.
