1655 2726
218 240 273 272 39.
302 240 382 281 Ave,
409 239 497 270 cuius

346 286 470 319 ventris
492 285 527 317 in
551 286 657 318 loculo

302 335 427 367 Nomen
451 332 554 374 patris

347 383 536 422 inscriptum
562 382 683 413 calculo

300 431 450 464 Formam
475 429 586 461 reddit

347 479 510 519 antiquam
534 477 672 517 saeculo,

302 526 371 558 Nec
395 527 459 558 iam
485 525 578 557 homo

350 575 408 606 sub
432 573 544 606 mortis
570 573 664 605 titulo

302 622 444 662 Transit,
467 629 506 653 ex
533 630 594 661 quo

349 679 448 703 novus
475 669 515 701 de
539 668 665 701 stabulo

397 718 451 750 Sol
475 717 593 749 illuxit.

217 815 272 847 40.
299 814 380 856 Ave,
407 822 467 853 per
489 821 582 853 quam

348 861 405 893 sub
432 863 520 892 veste
545 860 697 900 pauperis

300 909 398 950 Regis
424 908 534 950 proles

348 958 491 990 admixta
517 956 642 988 miseris

299 1004 419 1037 Lacum
444 1003 532 1036 subit

349 1056 380 1084 et
404 1051 527 1084 faecem
552 1051 705 1092 carceris,

299 1100 337 1132 In
364 1110 426 1140 quo
451 1099 554 1132 nostri

349 1149 482 1180 livorem
507 1146 648 1179 vulneris

301 1195 356 1227 Sui
381 1196 475 1227 tersit

346 1245 505 1284 unguento
529 1243 640 1274 lateris

394 1291 438 1323 Et
462 1290 606 1325 obduxit.

220 1387 277 1421 41.
303 1388 383 1426 Ave,
411 1388 499 1420 cuius

347 1435 432 1466 intra
458 1433 640 1466 cubiculum

301 1484 405 1516 Parvo
430 1481 517 1514 redit

348 1531 434 1563 vitae
458 1529 663 1572 spiraculum,

300 1579 384 1611 Dum
411 1577 567 1610 accedens

348 1628 438 1659 Iesus
464 1625 506 1657 ad
531 1625 670 1657 loculum

303 1674 416 1707 Nostri
439 1673 515 1706 tulit

351 1722 470 1755 doloris
494 1721 656 1763 lectulum,

302 1771 340 1803 In
366 1774 399 1802 te
423 1769 485 1802 sibi

349 1819 483 1859 iungens
508 1817 731 1857 corpusculum

398 1866 537 1899 Nostrae
562 1865 685 1898 mortis,

218 1974 275 2006 42.
300 1974 382 2013 Ave,
409 1972 495 2005 vitae

350 2019 421 2052 fons
446 2018 643 2057 indeficiens,

302 2069 389 2101 Fons
417 2069 457 2101 de
483 2068 576 2100 domo

353 2117 413 2149 Dei
437 2116 659 2158 progrediens,

299 2166 353 2198 Ad
379 2168 412 2196 te
437 2173 529 2197 curro

349 2218 382 2245 te
405 2214 506 2246 solam
531 2213 681 2254 gestiens,

303 2263 391 2295 Fons
416 2263 450 2294 in
475 2264 571 2301 porta

348 2310 495 2342 Bethlem
521 2310 710 2352 scaturiens,

302 2359 402 2399 Quem
427 2359 460 2390 in
486 2358 571 2390 bello

349 2407 482 2447 petebat
506 2406 618 2438 sitiens

396 2455 496 2487 Manu
523 2453 626 2489 fortiS.

741 160 785 164 —
830 139 882 190 ‚16
930 159 978 170 Ὗ

908 238 963 271 43.

908 814 963 846 44.

911 1389 967 1421 45.

910 1973 966 2005 46.

990 237 1072 278 Ave,
1098 237 1202 275 stella,

1038 293 1121 325 quae
1145 285 1252 317 lumen
1276 293 1456 327 pauperum

989 332 1040 365 De
1065 335 1190 365 secreto

1038 381 1190 422 producis
1216 381 1384 421 viscerum,

991 429 1063 461 Lux
1089 429 1237 462 emittens

1037 477 1123 509 vitae
1148 476 1327 518 luciferum,

992 525 1088 558 Cuius
1113 525 1268 565 splendor

1038 576 1127 605 ortus
1152 574 1195 606 ad
1221 583 1392 614 vesperum

994 621 1057 653 Suo
1082 630 1175 653 mane

1039 668 1165 710 fugavit
1190 670 1370 710 Hesperum

1088 718 1213 750 Primae
1237 718 1361 751 matris.

991 815 1069 855 Ave,
1099 814 1200 856 virgo,

1038 870 1098 902 per
1122 871 1216 901 quam
1242 871 1300 894 rex
1326 862 1468 894 siderum

993 909 1127 942 Patrum
1153 910 1293 949 complet

1039 957 1199 996 promissa
1222 961 1377 998 veterum,

993 1004 1112 1036 Rerum
1137 1005 1228 1046 signa

1038 1052 1169 1085 solvens
1196 1056 1228 1085 et
1250 1063 1382 1094 operum

991 1099 1076 1133 Dum
1100 1102 1239 1133 recurrit

1040 1148 1106 1180 vita
1129 1158 1190 1189 per
1213 1158 1359 1192 puerum,

990 1196 1089 1235 Quem
1113 1196 1146 1228 in
1173 1200 1262 1229 tuum

1036 1243 1213 1277 transfudit
1238 1248 1362 1277 uterum

1084 1291 1178 1324 Sinus
1205 1294 1317 1333 patris.

993 1388 1075 1427 Ave,
1103 1388 1182 1420 caeli

1043 1436 1138 1476 digna
1162 1437 1293 1478 palatio,

992 1483 1103 1515 Nostri
1129 1485 1213 1525 regis

1039 1534 1115 1571 apta
1141 1532 1295 1577 coniugio,

992 1578 1038 1611 Ut
1060 1579 1095 1611 in
1120 1580 1233 1612 Vasthi

1037 1627 1143 1660 locata
1167 1629 1247 1661 solio

989 1674 1091 1707 Tuam
1116 1676 1222 1708 salves

1039 1726 1165 1763 gentem
1190 1734 1210 1756 a
1235 1725 1353 1766 gladio,

991 1769 1066 1803 Sola
1089 1772 1196 1804 vultus

1040 1828 1079 1852 ex
1105 1820 1276 1862 privilegio

1085 1867 1167 1908 Regi
1191 1872 1294 1909 grata.

991 1973 1074 2012 Ave,
1100 1976 1211 2005 sancto

1039 2019 1177 2053 fecunda
1201 2022 1328 2062 spiritu,

991 2068 1079 2102 Urbs
1105 2069 1210 2108 beata,

1040 2126 1134 2157 quam
1158 2118 1192 2149 in
1214 2119 1350 2151 circuitu

993 2164 1103 2196 Vallat
1126 2168 1261 2205 torrens,

1040 2223 1081 2245 ne
1106 2215 1210 2246 carnis
1235 2218 1374 2257 strepitu

991 2261 1113 2302 Frangi
1137 2263 1251 2304 possis,

1039 2309 1073 2342 in
1098 2310 1182 2351 regis
1210 2313 1349 2345 transitu

992 2358 1074 2399 Regi
1099 2359 1206 2391 clauso

1040 2407 1174 2447 pudoris
1200 2408 1291 2440 aditu

1089 2455 1254 2491 Reserata,
