1655 2726
193 825 250 860 10.

193 946 248 980 11.

191 1066 246 1100 12.

190 1187 247 1222 13,

191 1309 248 1344 14.

193 1429 248 1464 15.

194 1551 249 1585 16.

192 1673 248 1706 17.

193 1794 250 1829 18.

193 1919 248 1952 19.

191 2041 247 2074 20.

191 2162 247 2195 21.

192 2286 247 2318 22.

192 2408 249 2442 23.

719 125 980 163 —103—

242 247 250 255 .
279 221 362 263 Ave,
390 231 473 262 quae
496 225 533 255 ut
558 223 606 255 sol
633 224 736 256 electa.

275 270 314 303 In
339 269 436 303 theca
462 279 495 303 es
521 271 665 305 uranica.

243 369 250 376 .
277 343 360 385 Ave,
389 343 505 376 devote
530 342 645 376 affecta

277 392 317 425 In
344 391 492 424 contione
519 392 650 425 caelica.

244 489 251 495 .
277 464 359 507 Ave,
387 464 463 504 quia
485 465 572 505 luna,
599 466 667 497 sole

276 512 489 546 Admiranter
514 513 633 546 amicta
658 522 692 545 es

242 610 250 617 .
276 584 358 628 Ave,
386 593 500 626 regens
526 584 596 618 sine
619 586 703 618 mole

278 633 414 666 On'onas
441 636 474 665 et
497 633 655 675 pleiades.

274 706 356 745 Ave,
385 714 535 738 cacumen
561 706 688 747 Olympi

278 753 495 795 Supergressa
520 754 717 787 aethereum.

276 826 359 867 Ave,
386 826 517 867 gracilis
542 824 601 859 flos
628 826 744 869 campi,

279 873 414 907 Gulmen
440 874 599 908 excedens
619 873 814 908 astriferum.

276 949 357 989 Ave,
385 947 571 987 angelorum
597 950 711 992 mater,

276 994 434 1027 Catervae
458 995 599 1028 caelicae
625 998 727 1037 grata.

274 1067 357 1109 Ave,
383 1068 546 1100 tornatilis
574 1070 691 1110 crater,

272 1115 433 1156 Angelica
459 1117 567 1149 colens
593 1119 698 1156 prata,

273 1188 356 1229 Ave,
384 1196 402 1219 ο
425 1188 645 1229 principativa

273 1236 319 1268 Et
344 1245 444 1277 sagax
471 1236 592 1269 rectrix
617 1236 813 1278 principum.

273 1310 356 1352 Ave,
383 1317 402 1340 o
428 1309 625 1349 potestativa

274 1357 321 1390 Et
344 1358 529 1398 repressiva
556 1357 757 1390 daemonum.

275 1431 357 1472 Ave,
385 1439 403 1461 o
429 1430 664 1471 archangelica,

276 1478 512 1519 Paranymphis
537 1478 716 1511 sublimior.

277 1551 359 1594 Ave,
386 1551 540 1584 virtutum
568 1552 681 1596 amica,

276 1599 458 1632 Virtutibus
483 1600 637 1633 intimior.

275 1673 358 1714 Ave,
385 1673 461 1713 quia
488 1673 663 1706 dominaris

276 1721 470 1755 Ierarchicis
497 1721 676 1756 ordinibuS.

276 1795 358 1840 Ave7
386 1795 536 1828 thronica
561 1796 687 1828 vocaris

276 1845 316 1878 In
341 1844 505 1877 caelorum
529 1845 722 1885 agminibus,

276 1920 358 1960 Ave,
387 1918 479 1959 virgo
506 1918 687 1960 seraphica‚

276 1965 521 2008 Superferenda
546 1976 665 2002 amore,

275 2040 356 2080 Ave,
385 2040 462 2081 quia
486 2041 636 2074 theotoca

275 2088 410 2121 Deifero
437 2097 471 2121 es
497 2089 625 2122 ardore.

274 2162 357 2204 Ave,
382 2170 400 2193 o
427 2160 637 2204 superfluida‚

276 2211 331 2243 Ad
359 2210 501 2244 divinum
528 2212 635 2252 ignem
661 2212 798 2253 liquens.

274 2284 356 2328 Ave,
384 2293 403 2316 o
429 2284 667 2326 hyperdulicon

274 2332 481 2366 incessanter
506 2334 635 2367 ardens.

276 2406 358 2447 Ave,
386 2407 522 2447 gloriam
548 2406 700 2440 adferens

277 2456 456 2497 Apostolis‚
485 2456 693 2497 martyribus,

888 226 933 258 24

887 347 931 379 25

887 468 943 500 26.

887 588 943 620 27.

888 709 944 743 28.

887 831 944 863 29.

887 951 942 983 30.

887 1070 942 1103 31.

887 1193 943 1226 32,

887 1313 944 1346 33.

887 1434 942 1468 34.

889 1556 944 1588 35,

888 1677 946 1710 36.

889 1798 945 1831 37.

889 1920 946 1953 38.

890 2042 946 2075 39.

888 2162 946 2195 40.

888 2284 946 2317 41.

889 2408 946 2441 42.

971 226 1051 265 Ave,
1081 226 1223 258 celeuma
1248 226 1418 258 concinens

971 274 1085 307 Viduis
1112 277 1143 306 et
1169 274 1356 315 virginibus,

970 348 1052 388 Ave,
1078 356 1096 379 o
1121 346 1350 388 limpidissima

974 395 1105 428 Caelica
1128 394 1316 437 cognitione.

970 468 1050 511 Ave,
1079 477 1097 500 o
1123 467 1352 501 ardentissima

971 515 1105 548 Sincera
1132 515 1311 549 devotione.

970 589 1050 631 Ave,
1079 588 1323 628 opulentissima

971 637 1009 670 In
1035 645 1126 669 sacra
1150 635 1312 671 fruitione.

972 710 1053 752 Ave,
1081 718 1099 740 0
1125 708 1321 750 beatissima,

970 758 1087 790 Intima
1112 758 1145 789 in
1170 757 1298 790 unione.

971 832 1052 870 Ave,
1078 829 1175 862 laude
1199 828 1365 862 indefessa

969 876 1153 910 Almificum
1178 886 1295 910 numen
1319 878 1467 914 laudans.

969 951 1051 991 Ave,
1077 951 1237 991 perpetim
1262 959 1413 990 possessa

969 999 1097 1031 Turmis
1115 998 1245 1030 summis
1265 999 1505 1039 congratulans.

969 1071 1051 1108 Ave,
1078 1070 1169 1111 virgo
1196 1070 1327 1102 assidua

971 1118 1155 1151 Gratiarum
1182 1118 1318 1152 actione.

969 1192 1051 1231 Ave,
1079 1199 1097 1222 ο
1121 1190 1291 1224 individua

969 1241 1114 1272 Aeterna
1138 1238 1336 1273 inhaesione.

970 1313 1052 1353 Ave,
1078 1312 1199 1344 laureis
1226 1312 1340 1353 ditata,

969 1361 1010 1394 In
1035 1361 1188 1402 praemiis
1212 1360 1387 1393 uberrima.

970 1434 1051 1473 Ave,
1070 1442 1131 1473 per
1148 1442 1242 1474 quam
1260 1435 1399 1466 vernant
1415 1436 1512 1475 prata

969 1481 1098 1514 Meritis
1124 1482 1347 1515 saluberrima.

970 1555 1051 1599 Ave,
1078 1554 1169 1596 virgo
1195 1555 1348 1598 agillima,

971 1603 1086 1636 Radiis
1112 1604 1190 1636 solis
1214 1604 1366 1637 velocior.

972 1677 1054 1719 Ave,
1081 1678 1187 1709 mater
1211 1677 1401 1717 gracillima,

972 1725 1046 1758 Sole
1073 1727 1105 1756 et
1129 1725 1206 1757 luna
1228 1725 1441 1766 splendidior.

973 1800 1054 1839 Ave,
1082 1795 1275 1829 firmamenti
1301 1798 1432 1839 candor,

971 1845 1221 1879 Immortalitate
1245 1846 1353 1887 plena.

972 1920 1053 1963 Ave,
1082 1928 1115 1951 es
1143 1919 1281 1952 catervis
1308 1919 1398 1960 odor,

973 1967 1161 2001 Subtilitate
1186 1976 1311 2001 serena.

972 2042 1055 2083 Ave,
1084 2040 1167 2073 divis
1192 2041 1227 2073 in
1250 2041 1413 2073 montibus

973 2089 1059 2123 Celsi
1086 2089 1217 2130 Olympi
1242 2089 1371 2122 saliens.

972 2164 1053 2206 Ave,
1081 2165 1194 2203 potata
1218 2160 1372 2204 fontibus,

973 2211 1120 2244 Summos
1147 2211 1245 2243 colles
1271 2210 1484 2245 transsiliens,

972 2284 1055 2327 Ave,
1083 2292 1165 2326 quae
1189 2284 1223 2316 in
1248 2284 1385 2317 meridie

975 2333 1082 2367 Gubas
1095 2341 1248 2374 sponsum
1259 2334 1510 2374 amplexando.

973 2407 1054 2450 Ave,
1079 2406 1206 2439 stillans
1234 2406 1352 2439 cotidie

971 2457 1089 2490 Pacem
1115 2455 1236 2489 homini
1262 2456 1428 2489 salvando.
