1655 2726
718 157 766 162 -—
816 137 883 174 185
933 158 980 164 —

811 236 898 270 CIII.

189 309 294 344 1010.
309 311 463 352 Benedic‚
492 313 599 346 anima
624 323 707 353 mea,

307 360 435 393 Mariae
460 361 705 403 praelationem,

310 408 357 441 Ut
381 408 520 449 recipias
546 410 586 442 ab
614 419 652 442 ea

310 456 450 497 Largam
476 457 744 493 benedictionem.

189 524 293 559 1011.
309 525 572 558 Benedictionem
597 527 735 567 gentium

308 573 348 605 In
373 574 470 615 omni,
497 576 598 618 virgo,
625 576 732 615 patria

308 621 411 654 Dedit
435 622 496 655 tibi
521 632 580 656 rex
605 623 756 664 omnium,

308 671 368 710 Qui
393 679 493 711 regna
519 672 575 704 dat
600 671 761 705 caelestia.

189 738 293 772 1012.
310 738 473 772 Caelestia
498 739 675 772 munimina

309 787 490 827 Percipiam
518 787 657 820 feliciter

306 836 433 868 Nomen
457 838 559 877 tuum,
587 844 604 867 o
633 836 770 877 domina,

306 884 370 916 Hic
396 883 579 917 confitendo
604 884 734 924 iugiter,

187 952 289 986 1013.
306 952 431 993 Iugiter
456 955 545 984 tuam
571 951 687 984 faciem

306 1000 420 1032 Pande
446 1000 534 1042 mihi,
564 999 758 1043 christifera,

304 1048 392 1087 Quae
418 1048 563 1080 homines
587 1048 631 1079 ad
655 1049 798 1088 requiem

302 1096 429 1129 Partim
453 1096 543 1128 levas
565 1097 599 1129 in
625 1105 712 1131 aera,

885 314 988 348 1014.
1005 317 1091 348 Aera
1115 324 1166 347 me
1191 315 1244 348 fac
1267 312 1406 355 perflare

1004 364 1137 396 Gratiae
1165 364 1259 396 valde
1284 363 1403 404 lucida,

1002 412 1048 445 Ut
1072 412 1115 443 ad
1140 413 1247 444 Iesum
1273 412 1401 444 evolare

1001 460 1093 492 Mens
1119 460 1183 491 iam
1212 463 1359 500 resurgat
1376 459 1515 500 torpida.

882 527 985 561 1015.
1001 527 1147 567 Torpida
1173 536 1247 560 caro
1274 528 1406 559 nimlum

999 575 1136 607 Animae
1160 580 1297 609 mortem
1322 576 1449 618 ingerit,

999 623 1040 656 In
1066 632 1129 663 qua
1153 632 1212 663 per
1237 628 1270 656 te
1297 624 1499 656 daemonium

1000 671 1094 704 Viam
1119 673 1257 705 nocendi
1285 672 1416 705 deserit.

881 740 986 773 1016.
1001 739 1132 772 Deserit
1157 739 1215 771 tibi
1247 739 1381 772 devotus

998 787 1156 820 Mundum
1171 789 1258 820 carni
1275 788 1355 819 dans
1365 788 1511 827 limitem,

1002 835 1116 869 Calcat
1140 835 1270 868 Christo
1294 845 1352 868 suo
1378 835 1464 868 fotus

1000 883 1178 923 Superbum
1207 894 1245 916 ac
1270 884 1453 917 satellitem.

881 952 897 984 1
905 953 946 984 01
954 954 984 985 7.
1001 951 1181 985 Satellitem
1207 951 1379 994 superbiae

997 999 1164 1032 Excludas
1190 1009 1209 1031 a
1232 1008 1282 1031 me
1305 1000 1433 1039 penitus

996 1047 1154 1088 Mihique,
1178 1053 1282 1080 mater
1307 1049 1443 1090 gratiae,

998 1095 1133 1135 Largire
1160 1096 1244 1128 dona
1269 1096 1413 1135 spiritus,

534 1163 636 1197 1018.
652 1163 794 1203 Spiritus
820 1163 1012 1195 humilitatis

649 1212 714 1244 Per
738 1214 771 1243 te
798 1212 892 1244 detur
917 1211 991 1243 huic
1015 1210 1147 1254 homini,

650 1260 675 1293 O
700 1259 862 1292 medullae

887 1268 987 1300 meae,
1015 1258 1094 1291 satis

650 1309 777 1341 Mariae
803 1306 1009 1341 confitemini.

805 1394 886 1428 CIV.

180 1465 245 1499 101
253 1467 284 1499 9.
301 1463 506 1498 Confitemini
533 1463 670 1504 Mariae,

305 1513 422 1558 Corda,
451 1522 546 1546 voces
573 1515 606 1545 et
631 1521 739 1556 opera,

301 1563 368 1595 Vos
393 1562 535 1594 illustret
556 1561 642 1594 omni
669 1562 722 1593 die

299 1610 442 1645 Excelsa
468 1619 566 1651 super
591 1609 712 1643 sidera.

179 1680 283 1713 1020.
300 1679 427 1720 Sidera,
459 1679 508 1711 sol
533 1682 631 1720 atque
655 1678 732 1710 luna

299 1728 383 1761 Sunt
416 1728 535 1760 amicta
560 1727 706 1768 quamvis
732 1728 815 1769 velo,

299 1777 411 1818 Virgo,
438 1776 510 1816 pari
539 1784 651 1809 carens
678 1785 751 1819 una,

299 1825 393 1858 Nova
418 1825 550 1857 veniens
578 1834 596 1857 e
622 1824 721 1856 caelo.

178 1895 281 1927 1021.
299 1895 396 1928 Caelo
422 1894 498 1927 Iesu
520 1897 553 1925 te
581 1893 717 1926 vicinam

297 1943 425 1976 Devota
448 1945 558 1974 mente
583 1941 745 1974 credimus

297 1992 343 2025 Et
368 1991 410 2023 ad
436 1994 469 2023 te
496 1992 577 2023 caeli
604 1990 748 2031 reginam

295 2041 425 2073 Mentes
456 2048 634 2081 manusque
659 2039 813 2072 tollimus.

175 2111 281 2144 1022.
297 2108 521 2149 Tollimusque
546 2110 675 2141 nostras
698 2108 812 2140 laudes

294 2158 350 2190 Ad
376 2160 409 2188 te
434 2166 575 2197 superna
600 2156 715 2198 gratia,

297 2206 342 2240 Ut
350 2208 497 2238 nostrum
506 2207 546 2238 ad
563 2205 677 2238 mundi
684 2204 817 2238 fraudes

297 2255 431 2288 Nullum
454 2254 542 2288 levet
563 2254 731 2288 iactantia.

880 1463 984 1496 1023.
999 1462 1161 1495 Iactantia
1185 1462 1247 1494 hac
1273 1470 1386 1494 carere

997 1511 1067 1543 Fac
1091 1519 1153 1551 me,
1180 1513 1284 1543 mater
1306 1511 1464 1553 amabilis,

998 1559 1044 1592 Ut
1069 1568 1182 1599 queam
1209 1559 1269 1591 tibi
1294 1559 1425 1599 placere

998 1609 1147 1648 Pauper,
1174 1617 1286 1641 servus
1313 1611 1344 1639 et
1370 1608 1513 1643 humilis.

878 1676 983 1709 1024.
998 1675 1138 1708 Humilis
1165 1676 1254 1716 virgo
1279 1675 1397 1717 Maria,

1002 1724 1122 1757 Domus
1147 1724 1260 1764 pudici
1284 1725 1438 1767 pectoris,

999 1774 1062 1806 Per
1087 1776 1120 1804 te
1145 1773 1267 1805 munda
1291 1775 1355 1804 stet
1379 1774 1413 1805 in
1440 1777 1492 1806 via

999 1822 1162 1862 Compago
1188 1821 1291 1853 nostri
1318 1822 1474 1862 corporis.

878 1890 982 1924 1025.
998 1890 1151 1929 Corporis
1175 1890 1238 1921 mei
1263 1889 1373 1921 miseri

994 1938 1134 1978 Expelle
1158 1938 1415 1979 somnolentiam,

994 1987 1048 2027 Et,
1073 1995 1114 2018 ne
1133 1989 1233 2026 (terat,
1261 1986 1322 2018 hoc
1347 1987 1470 2019 conteri

994 2036 1089 2069 Dona
1114 2044 1174 2075 per
1198 2035 1437 2068 abstinentiam.

876 2105 980 2138 1026.
994 2104 1301 2144 Abstinentiamque
1326 2112 1385 2143 per
1409 2107 1443 2136 te

998 2153 1136 2186 Servent
1161 2161 1233 2184 mea
1257 2153 1461 2195 praecordia,

997 2201 1115 2241 Maria,
1143 2210 1238 2241 quam
1265 2200 1359 2232 decet
1384 2205 1472 2233 certe

998 2251 1085 2283 Laus
1112 2252 1144 2281 et
1168 2249 1320 2290 perennis
1346 2250 1460 2290 gloria.

526 2323 630 2356 1027.
647 2322 760 2356 Gloria
784 2329 918 2354 manens
944 2320 1101 2351 immensa

645 2371 746 2405 Vobis
772 2381 792 2404 a
816 2378 872 2402 ves

875 2369 934 2401 tris
960 2366 1111 2408 subditis,

647 2420 713 2452 Fili
738 2429 830 2461 pure,
857 2420 962 2450 mater
986 2424 1079 2459 pura,

649 2469 709 2509 Qui
731 2470 854 2504 caelum

879 2466 979 2499 verbo
1000 2465 1160 2498 clauditis.
