1655 2726
203 211 260 245 31.

198 789 255 822 32.

194 1373 250 1405 33.

188 1968 246 2001 34.

738 116 976 152 —15-

287 212 369 251 Ave,
396 211 487 243 cuius

337 260 385 291 sol
406 260 606 300 horologium

285 307 414 339 Intrans
441 317 558 340 novum

335 354 415 387 facit
437 356 622 401 solstitium,

285 403 332 436 Ut
356 411 417 443 per
443 404 549 436 carnis

334 451 554 495 electuarium,

283 499 438 532 Morbum
465 503 556 532 curet

334 548 368 579 in
394 548 488 581 nobis
513 549 647 590 regium,

284 596 385 636 Quem
410 597 541 629 induxit

330 645 364 676 in
391 649 488 686 caput
515 646 656 678 hostium

381 694 480 728 Ultor
503 694 596 736 legiS.

282 790 363 822 Ave.
391 790 492 833 virgo,

330 847 412 879 quae
436 841 509 871 tuos
534 839 645 880 eripis,

282 887 368 919 Dum
393 887 428 919 in
453 887 570 919 throno

329 936 438 968 locata
463 936 634 976 principis,

280 984 382 1024 Quem
409 985 450 1017 de
474 985 562 1017 caelo

328 1033 554 1065 transmissum
581 1031 734 1072 concipis,

281 1081 403 1122 Regem
424 1091 497 1114 oras

331 1132 364 1161 et
387 1132 463 1163 nato
489 1128 653 1171 praecipis

282 1179 328 1211 Et
352 1181 519 1219 gravatam

332 1236 431 1267 super
456 1237 515 1260 nos
542 1225 665 1267 excipis

377 1275 510 1308 Manum
537 1279 634 1318 regis,

277 1372 360 1415 Ave,
389 1373 523 1415 caelum,

326 1419 448 1453 factum
472 1421 639 1462 divinituS‚

279 1468 371 1509 Quod
399 1470 546 1511 depingit

327 1518 449 1551 excelsi
475 1519 608 1560 digitus,

276 1567 405 1599 Firmat
428 1570 533 1608 pater,

331 1617 425 1648 ornat
450 1617 638 1657 paraclitus,

278 1663 332 1697 Ex
355 1667 434 1697 tunc
457 1665 543 1706 pluit

328 1713 483 1746 collatum
510 1714 644 1746 caelitus

277 1761 355 1794 Man
384 1771 455 1794 cum
480 1771 565 1803 rore,

328 1811 397 1843 dies
424 1814 473 1843 est
498 1811 649 1844 redditus

377 1860 456 1893 Orto
482 1860 560 1894 sole.

274 1967 358 2007 Ave,
385 1967 467 2008 legis

325 2016 436 2049 clausa
461 2015 521 2048 sub
547 2016 666 2057 modio,

276 2064 351 2097 Lux
375 2063 543 2106 refulgens

325 2113 367 2146 de
392 2113 466 2145 rubi
490 2114 608 2159 medio,

273 2162 364 2204 Rege
388 2171 517 2195 servum

324 2211 383 2244 sub
410 2213 465 2244 tuo
491 2212 595 2252 radio,

274 2260 327 2293 Ne
351 2269 404 2292 me
431 2260 545 2293 mortis

325 2309 437 2342 turbet
462 2308 619 2353 confusio,

276 2358 331 2390 Ad
356 2359 390 2390 te
416 2366 522 2400 curro,

324 2407 379 2448 qui
404 2407 506 2440 solam
532 2408 606 2441 sitio

372 2456 420 2488 Te
446 2465 517 2488 cum
543 2457 648 2497 prole.

900 217 957 249 35.
983 216 1064 257 Ave,
1089 216 1191 260 virgo,

1033 265 1098 298 dux
1123 265 1225 297 nostri
1251 265 1354 306 cunei,

982 313 1107 352 Turris,
1133 313 1167 344 in
1193 322 1255 353 qua

1033 361 1218 401 dependent
1243 361 1349 404 clipei,

984 408 1104 447 Quibus
1128 409 1229 440 host-is

1032 456 1152 489 cedunt
1175 457 1290 497 aculei,

983 504 1080 537 Sume
1104 507 1229 536 scutum

1031 556 1064 585 et
1088 562 1178 584 arma
1202 552 1290 592 fidei,

981 601 1028 634 Ut
1052 609 1212 641 possumus

1031 650 1073 682 ad
1101 652 1208 681 castra
1232 650 1343 681 revehi

1080 698 1159 731 Cum
1184 699 1329 738 tropaeo.

898 796 955 829 36.
981 796 1062 837 Ave,
1093 794 1204 826 domus

1030 842 1200 884 praeclara
1225 842 1339 883 titulis,

982 892 1032 924 De
1058 900 1121 933 qua
1146 891 1257 930 prodit

1029 939 1206 981 promissus
1232 939 1379 979 saeculis,

982 988 1070 1020 Fons
1099 987 1235 1019 diversis

1028 1038 1159 1076 apertus
1185 1035 1309 1076 rivulis,

981 1085 1041 1125 Qui
1067 1083 1196 1116 sedabit

1030 1133 1118 1165 sitim
1142 1131 1177 1163 in
1201 1132 1348 1172 singulis,

983 1181 1064 1214 Cum
1087 1180 1244 1212 iustorum

1029 1230 1063 1262 in
1088 1227 1308 1260 tabernaculis

1078 1277 1225 1312 Psallent
1249 1276 1329 1309 Deo.

899 1376 955 1409 37.
982 1375 1063 1417 Ave,
1090 1374 1197 1406 lumen

1026 1425 1102 1464 post
1126 1422 1360 1463 aequinoctium

978 1472 1097 1504 Matris
1123 1474 1227 1503 ortum

1025 1521 1113 1553 intra
1137 1520 1353 1560 praesepium,

980 1570 1094 1602 Novae
1118 1568 1200 1600 lucis

1029 1617 1169 1650 educens
1196 1617 1333 1659 radium,

981 1667 1085 1707 Quam
1109 1675 1130 1698 a
1154 1666 1258 1706 primo

1030 1715 1154 1748 dierum
1179 1714 1319 1747 omnium

980 1763 1054 1797 Lux
1079 1763 1220 1803 signavit

1028 1813 1071 1845 ad
1096 1812 1200 1843 lucem
1225 1811 1369 1853 gentium

1076 1860 1106 1893 N
1109 1860 1294 1893 ascituram.
1305 1874 1315 1881 -

894 1968 951 2002 38.
977 1968 1059 2010 Ave,
1087 1967 1186 2000 vestis

1027 2017 1144 2059 regalis
1169 2015 1308 2057 fimbria,

979 2065 1077 2099 Cuius
1101 2067 1193 2097 tactu

1027 2117 1094 2147 stat
1116 2114 1322 2147 immunditia

980 2163 1071 2196 Sicut
1097 2163 1218 2195 dudum

1027 2213 1060 2245 in
1087 2212 1305 2255 sanguinaria,

978 2261 1169 2293 Incurvatus

1025 2309 1126 2341 miser
1150 2318 1210 2349 per
1234 2309 1315 2341 vitia

977 2358 1093 2390 Nescit
1117 2357 1201 2389 viam

1026 2407 1089 2439 nisi
1113 2408 1147 2438 te
1171 2407 1307 2448 praevia

1073 2456 1151 2489 Post
1176 2456 1345 2490 iacturam.
