1655 2726
262 204 318 236 37.

264 618 318 649 38.

263 1031 319 1064 39.

268 1444 324 1477 40.

264 1856 320 1889 41.

271 2273 327 2306 42.

342 203 423 246 Ave,
451 212 545 242 quam
571 203 687 235 dilexit

394 251 479 284 Deus
504 251 577 290 plus
603 251 674 282 aliis

346 299 502 332 Filiorum

393 347 489 381 Iacob
515 347 673 388 tentoriis,

343 397 382 429 In
410 395 522 428 dicbus

395 444 489 476 simul
514 446 546 475 et
571 443 717 476 noctibus

347 492 523 525 Subveniut

394 541 434 573 ad
461 543 494 571 te
520 540 740 573 clamantibus.

346 618 424 656 Ave,
451 618 562 659 mater,

396 666 484 697 clara
508 660 560 709 [ut
584 660 714 709 aurora]

345 713 449 744 Nimis
473 713 610 752 pulchra

395 765 426 792 et
451 756 576 804 [nimis]
604 760 719 792 decora

343 809 411 841 Fac
435 817 492 840 nos
520 805 636 851 [virgo]

393 865 452 897 per
478 852 619 899 [cuneta]
646 855 774 888 saccula

345 905 484 938 Cant-are
505 903 635 935 Domini

392 952 656 984 misericordiam.

346 1031 426 1070 Ave,
453 1029 554 1069 virgo,

394 1078 481 1110 cuius
506 1075 664 1118 refugium

346 1126 447 1158 Nobis
470 1125 548 1157 satis

396 1177 443 1205 est
466 1173 692 1212 necessarium,

347 1221 539 1264 Christiana,

394 1269 456 1309 fac,
483 1269 647 1309 generatio

346 1318 431 1351 Tuta
454 1319 508 1348 tuo

394 1365 451 1398 fiat,
475 1365 604 1397 auxilio.

351 1444 432 1481 Ave,
460 1441 562 1473 bonae

395 1494 430 1522 tu
454 1498 583 1530 germen
609 1489 743 1529 arboris,

346 1539 385 1571 In
410 1539 514 1570 hieme

394 1596 458 1618 non
482 1585 590 1617 iacens
617 1585 757 1627 frigoris,

346 1635 505 1668 Habitare

396 1690 465 1714 cum
490 1684 544 1713 tuo
569 1681 636 1714 filio

350 1731 417 1763 Nos
441 1730 544 1771 ipsius

395 1778 448 1811 fac
472 1778 641 1811 adiutorio.

346 1855 427 1899 Ave,
454 1855 555 1895 virgo,

396 1904 484 1936 cuius
509 1901 667 1935 confessio

347 1952 393 1985 Et
417 1951 543 1984 bonitas

396 1999 520 2041 placuit
542 1999 689 2042 Domino,

347 2049 416 2081 Fac
437 2056 495 2080 nos
522 2048 588 2079 eius

397 2096 518 2129 nomini
542 2096 683 2137 psallere

348 2146 394 2178 Et
419 2146 550 2178 devotos

395 2193 509 2226 amodo
535 2193 654 2227 vivere.

354 2273 435 2313 Ave,
461 2270 550 2303 cuius

397 2321 550 2362 regnator
574 2318 659 2351 filius

349 2369 486 2402 Indutus
508 2370 557 2399 est

400 2416 656 2460 fortitudinibus,

798 104 1035 140 *50-

954 425 1011 458 43.

954 838 1010 871 44.

954 1252 1011 1283 45.

953 1664 1009 1697 46.

957 2083 1014 2115 47.

1018 207 1024 213 ‘
1039 201 1216 242 Praecinge
1238 207 1296 231 nos

1086 250 1240 282 virtutum
1266 245 1402 286 cingulo,

1037 297 1089 329 Ne
1114 298 1255 330 vivamus

1087 346 1224 386 amplius
1250 342 1388 377 saeculo.

1038 424 1119 463 Ave,
1145 423 1297 463 princeps

1087 474 1119 502 et
1141 471 1220 503 hera
1245 469 1414 510 virginum,

1039 519 1126 558 Quae
1150 517 1289 559 portasti

1088 567 1246 608 virginum
1274 564 1446 605 dominum,

1042 614 1092 646 De
1116 615 1261 647 hostibus

1089 663 1207 695 nostris
1233 661 1389 694 ulciscere

1040 711 1087 743 Et
1112 712 1191 743 doce
1217 720 1274 743 nos

1086 759 1188 791 libere
1213 766 1316 800 agere.

1037 836 1118 876 Ave,
1144 838 1265 877 saneta,

1086 885 1212 924 repleta
1237 883 1352 925 gaudio

1036 931 1246 964 Exsultantes

1086 989 1155 1012 cum
1181 983 1235 1013 tuo
1259 979 1326 1012 filio

1038 1027 1107 1060 Fac
1130 1029 1255 1061 nescire

1085 1077 1210 1116 peccati
1230 1076 1385 1116 nubilum,

1036 1124 1084 1157 Ut
1109 1125 1328 1166 congaudeant,

1086 1176 1190 1204 tecum
1215 1173 1249 1204 in
1276 1180 1399 1205 aevum.

1037 1250 1119 1291 Ave,
1147 1250 1196 1281 oui
1220 1259 1304 1282 nova

1087 1298 1201 1331 decent,
1226 1298 1360 1341 cantica,

1036 1345 1103 1378 Nos
1130 1348 1294 1378 cantantes

1085 1394 1145 1426 tibi
1168 1394 1319 1435 laetifica,

1038 1441 1083 1474 Ut
1108 1451 1178 1474 cum
1204 1443 1289 1476 omni

1089 1491 1168 1522 caeli
1194 1491 1326 1533 collegio

1038 1537 1262 1572 Laudabiliter

1086 1590 1248 1620 cantemus
1275 1588 1423 1624 Domino.

1035 1665 1115 1704 Ave,
1141 1674 1259 1705 parens

1083 1714 1248 1753 regnantis
1274 1715 1380 1758 unica,

1036 1759 1104 1793 Nos
1129 1761 1162 1793 in
1186 1762 1291 1802 ipsius

1083 1818 1215 1850 regnum
1241 1811 1418 1854 sanctifica,

1037 1856 1083 1890 Ut
1106 1861 1142 1889 tu
1166 1861 1277 1892 nostra

1084 1906 1127 1938 sis
1155 1908 1336 1951 exsultatio,

1035 1953 1081 1985 Et
1105 1955 1229 1988 insulae

1088 2004 1272 2037 redundent
1294 2006 1421 2046 gaudio.

1040 2080 1121 2122 Ave,
1147 2085 1260 2125 mater,

1087 2130 1156 2162 sola
1182 2131 1280 2173 digna.
1301 2132 1382 2173 Deo,

1039 2177 1099 2210 Cui
1125 2179 1218 2212 decet

1085 2227 1156 2260 laus
1183 2238 1253 2261 cum
1277 2230 1432 2273 tripudio,

1039 2273 1117 2316 Fac,
1142 2280 1176 2309 ut
1200 2283 1316 2311 nostra

1089 2330 1222 2365 superet
1244 2327 1333 2367 vitia,

1039 2372 1207 2408 Mirabilia

1088 2422 1143 2462 qui
1167 2422 1246 2456 fecit
1270 2424 1387 2459 omnia.
