1655 2726
769 119 833 155 141
886 140 934 145 -—

740 218 864 253 XXIX.

140 282 221 315 200.
237 282 399 315 Exaltabo
426 286 496 316 tuas
522 285 645 327 laudes,

233 330 432 372 Dignissima
460 331 560 374 virgo,
586 333 683 367 laude

235 380 279 412 Et
298 383 342 419 tu,
362 389 444 421 quae
459 381 522 413 iam
541 381 637 421 plebe
650 383 771 423 gaudes

237 427 403 460 Laudibus
430 429 509 461 meis
534 430 707 469 adplaude.

141 497 222 530 201.
238 496 363 529 Plaude
388 497 483 529 simul
511 506 581 529 cum
609 498 723 538 Maria,

240 543 302 577 Cor
327 554 443 586 meum,
469 546 555 578 mala
581 547 756 587 detestans,

236 593 283 627 Ut
308 593 352 624 sit
377 593 435 625 tibi
462 595 566 626 luctus
594 595 645 626 via

238 640 398 674 Solacium
426 643 511 674 vitae
535 648 714 684 praestana

140 711 221 743 202.
238 710 411 742 Praestans
436 710 493 750 pia
517 711 685 743 voluntate

237 758 477 791 Abundantiam
505 759 629 799 gratiae

237 806 296 847 Sit,
326 806 389 838 vim
415 806 501 839 vitae
529 808 710 841 denudatae

237 855 331 888 Valle
358 855 459 887 densa
484 856 642 890 miseriae.

141 923 219 955 203.
234 921 389 954 Miseriae
414 926 545 955 nostrae
570 923 654 963 finis,

237 969 357 1002 Cantus
384 979 492 1011 causa,
517 971 604 1003 vitae
631 972 694 1012 via,

236 1021 263 1050 A
291 1017 420 1050 fletibus
447 1020 642 1058 vespertinis

233 1065 356 1098 Libera
379 1075 449 1107 nos,
476 1077 495 1099 o
521 1067 638 1102 Maria,

837 287 915 320 204.
929 287 1045 328 Maria,
1073 289 1105 320 in
1131 288 1266 320 ecclesia

929 335 1055 369 Clerico
1081 336 1263 377 apparuisti

927 383 1117 426 Fugereque
1143 385 1304 417 consortia

928 432 1074 472 Sponsae
1102 434 1208 465 carnis
1234 433 1319 465 hunc
1343 431 1461 465 fecisti.

834 500 989 532 205.Isti
1015 501 1099 540 regis
1125 500 1311 541 Hungariae

929 547 1040 580 Fratri
1054 557 1201 589 sponsam
1222 551 1255 579 te
1272 548 1463 589 concedens,

930 595 1007 629 Cum
1033 600 1180 629 notorum
1203 607 1221 629 a
1249 596 1332 629 facie

928 643 1029 677 Foret
1054 644 1093 676 ob
1122 644 1202 676 clam
1228 647 1261 676 te
1286 644 1451 676 recedens,

832 712 913 745 296.
928 711 1039 745 Edens
1064 712 1097 744 in
1124 713 1318 745 monasterio

928 761 1047 793 Panem
1074 760 1321 793 oboedidentiae

929 809 1130 850 Patriarcha,
1157 813 1193 840 ut
1216 809 1322 848 audio,
1385 823 1388 826 ·

929 858 992 890 Per
1016 861 1048 888 te
1074 856 1110 890 fit
1133 857 1333 897 Aquilegiae.

833 925 913 957 207.
930 925 1119 964 Aquilegiae
1143 923 1291 964 partibus

928 973 1005 1014 Quis
1031 970 1138 1004 facere
1165 973 1326 1012 magnalia

930 1021 1122 1061 Cunctisque
1146 1021 1340 1061 regionibus,

929 1068 1047 1110 Maria,
1077 1067 1151 1101 Iesu
1178 1068 1290 1109 gloria.

485 1135 565 1168 208.
583 1134 695 1167 Gloria
721 1135 790 1174 tibi,
819 1136 956 1180 domina,

580 1183 667 1222 Quae
692 1192 752 1223 per
776 1183 840 1216 iter
864 1183 1036 1224 impiorum

579 1230 712 1273 Spargis
738 1232 862 1273 gratiae
888 1232 1020 1274 semina,

581 1279 626 1312 Ut
650 1283 784 1313 noscant
809 1281 878 1313 vias
902 1281 1069 1314 iustorum.

746 1378 853 1412 XXX.

136 1446 217 1479 209.
232 1444 269 1476 In
296 1448 337 1480 te,
367 1445 507 1487 domina,
533 1447 673 1488 speravi,

235 1492 305 1525 Non
335 1492 514 1526 confundar
538 1494 573 1526 in
590 1497 768 1538 aeternum,

231 1540 357 1573 Nomen
383 1545 471 1574 tuum
497 1541 655 1583 invocavi,

233 1589 345 1622 Pande
371 1589 449 1622 mihi
476 1599 531 1623 cor
555 1594 745 1624 maternum.

136 1659 215 1692 210.
234 1658 416 1690 Maternum
444 1668 499 1691 cor
523 1659 550 1690 si
577 1658 676 1691 fuerit

230 1706 261 1740 A
287 1707 381 1748 prole
405 1716 462 1740 sua
489 1708 665 1750 declinam,

232 1756 295 1789 Cor
321 1758 409 1788 tuum
436 1765 589 1796 nusquam
619 1756 740 1790 deserit

232 1804 296 1837 Cor
321 1804 364 1836 ad
389 1807 422 1837 te
447 1813 518 1837 sese
543 1805 713 1838 reclinans.

135 1872 216 1905 211.
231 1872 404 1906 Reelinans
431 1876 464 1904 te
488 1872 646 1914 refugium

229 1921 390 1962 Fugitivis
417 1922 581 1963 exsulatis,

229 1970 392 2003 Desolatis
418 1971 574 2003 solacium

229 2019 275 2052 Et
300 2019 444 2059 requiem
470 2018 625 2060 fatigatis

134 2087 215 2122 212.
230 2087 391 2128 Fatigatis
417 2086 481 2119 iam
508 2088 655 2121 sensibus

229 2136 353 2169 Mundo
380 2136 458 2168 meis
484 2137 674 2178 gravissime

228 2185 354 2217 Adesto
381 2194 451 2217 cum
478 2186 662 2228 virtutibus,

229 2232 392 2266 Deficiens
418 2243 492 2275 spes
515 2234 655 2268 minime.

832 1446 911 1480 213.
926 1445 1062 1479 Minime
1089 1446 1224 1478 daemon
1252 1445 1374 1478 dimisit

927 1495 1093 1535 Quandam
1119 1495 1228 1535 partui
1254 1494 1445 1536 proximam,

927 1543 1039 1575 Donec
1064 1551 1177 1582 preces
1204 1543 1284 1575 haec
1311 1543 1417 1575 emisit

926 1591 979 1624 Ad
1006 1595 1038 1623 te
1064 1594 1197 1623 matrem
1225 1591 1413 1632 piissimam,

832 1660 911 1693 214.
930 1659 1110 1692 Piissimam
1135 1668 1174 1692 ac
1199 1659 1356 1699 fulgidam

926 1708 1011 1742 Huic
1035 1708 1181 1749 pandisti
1205 1711 1248 1749 te,
1276 1708 1393 1751 Maria,

928 1756 987 1790 Cui
1003 1757 1135 1789 daemon
1152 1755 1286 1789 formam
1299 1757 1464 1789 horridam

926 1805 1031 1845 Saepe
1056 1805 1260 1838 monstrabat
1282 1806 1316 1837 in
1342 1815 1405 1839 via.

830 1874 963 1908 215.1n
991 1873 1043 1905 via
1068 1872 1175 1905 Maria
1201 1882 1272 1905 mea

927 1922 1058 1955 Statuat
1081 1922 1228 1963 angelum
1256 1923 1356 1964 pacis,

925 1971 977 2003 Ne
1002 1973 1111 2003 teneat
1136 1979 1187 2003 me
1212 1971 1246 2003 in
1270 1980 1308 2003 ea

928 2019 1041 2053 Custos
1067 2023 1220 2052 aeternae
1244 2017 1397 2053 fornacis.

830 2087 1083 2122 216.Fornacis
1111 2088 1236 2120 claudis
1263 2088 1377 2120 ostium

926 2138 1011 2174 Vita,
1040 2136 1151 2174 virtus,
1179 2137 1342 2177 valetudo,

926 2185 1055 2228 Fotrix,
1081 2185 1180 2217 lotrix
1206 2186 1377 2226 egentium,

925 2233 1019 2266 Salus
1045 2242 1152 2276 aegro,
1178 2234 1262 2266 stola
1287 2234 1384 2267 nudo.

481 2302 561 2337 217.
578 2301 674 2335 Nudo
701 2302 817 2334 stolam
845 2302 901 2334 des
929 2301 1069 2341 vitalem,

577 2350 696 2393 Maria,
723 2350 841 2382 tet-‘trix
865 2349 990 2390 nudati,

577 2401 722 2442 operans
750 2398 972 2431 inconsutilem

576 2449 732 2481 Tunicam
757 2448 833 2482 Iesu
859 2448 955 2481 beati.
