1655 2726
621 682 648 716 3.
680 684 817 724 Hymnus
836 684 873 717 de
895 685 969 717 Vita
989 684 1116 717 Christi.

226 844 257 876 1.
283 842 410 875 Memor
436 851 490 874 ero
515 843 678 886 memoria,

283 890 374 931 Quod
401 891 535 923 caritate
560 893 625 922 tam
650 891 706 931 pia

280 939 336 971 Me
360 939 522 971 attraxisti
546 938 712 981 miserans,

280 987 328 1019 Te
351 995 411 1027 pro
436 996 488 1019 me
512 987 560 1019 sic
584 986 766 1020 humilians.

221 1077 253 1108 2.
280 1074 369 1106 Tuae
394 1074 552 1115 passionis
577 1082 709 1117 memor,

280 1122 343 1154 Per
367 1131 461 1162 quam
487 1125 552 1154 tam
573 1122 628 1162 pie
652 1122 803 1165 redimor,

279 1171 343 1203 Pro
368 1179 476 1203 amore
500 1170 574 1210 piae
597 1171 710 1202 matris

277 1218 362 1250 Mihi
386 1219 481 1258 placa
504 1218 626 1250 vultum
651 1218 766 1258 patris.

220 1305 251 1337 3.
279 1303 354 1336 Tibi
378 1303 484 1336 refero
509 1303 639 1348 gratias,

277 1352 337 1392 Qui
362 1361 448 1384 meas
474 1352 521 1383 sic
545 1351 692 1384 miserias

274 1400 353 1432 Tam
380 1400 516 1440 benigne
538 1407 735 1442 susceperas,

275 1448 322 1480 Te
346 1456 405 1488 pro
430 1457 482 1480 me
501 1448 549 1479 sic
572 1447 731 1481 humilias,

219 1537 251 1568 4.
278 1535 325 1567 Te
349 1534 439 1576 virgo
465 1543 577 1567 carens
602 1534 680 1566 vitio

278 1583 478 1622 Conceperat
504 1582 544 1614 de
568 1580 705 1626 flamine,

276 1632 360 1664 Dum
387 1629 531 1664 Gabrieli
554 1631 665 1663 nuntio

278 1678 490 1711 Consenserat
512 1678 700 1711 humillime.

218 1768 249 1799 5.
275 1766 323 1798 Te
348 1766 517 1806 gravidata
543 1765 675 1797 caelitus

273 1813 447 1854 Cognatam
473 1814 550 1845 visit
574 1813 667 1846 citius

274 1862 512 1903 Iohannemque
538 1862 671 1894 celerius

278 1908 488 1943 Sanctificans
516 1909 678 1945 divinitus.

216 2066 271 2099 11.
297 2065 384 2097 Hinc
407 2066 497 2097 iuxta
522 2063 618 2096 ritum
644 2064 782 2096 hominis

302 2113 583 2146 circumcisionem
607 2112 742 2151 pertulis

297 2161 473 2203 Dulcisque
497 2161 572 2193 Iesu
597 2160 734 2192 nominis

296 2210 536 2250 Impositionem
562 2209 692 2250 accipis.

212 2299 265 2331 12.
292 2297 351 2337 Qui
376 2301 409 2330 et
433 2307 453 2330 a
476 2297 580 2329 tribus
605 2296 734 2338 regibus

294 2346 452 2379 Adoraris
477 2349 543 2378 tam
569 2343 733 2378 ferventer

294 2397 401 2434 Atque
425 2394 547 2435 magnis
571 2393 757 2426 muneribus

294 2443 467 2476 Veneraris
492 2445 558 2475 tam
585 2442 746 2476 decenter.

938 845 970 878 6.

904 1766 959 1799 10.

902 2064 957 2097 13.

902 2298 956 2330 14.

996 843 1043 876 Te
1069 843 1200 876 civitate
1224 843 1412 877 Bethlehem

993 891 1197 924 Exsultando
1221 895 1377 932 genuerat

995 939 1107 979 Neque
1134 940 1278 973 dolorem
1303 941 1442 982 aliquem

996 987 1164 1028 Gignendo
1190 991 1222 1020 te
1246 989 1436 1028 pertulerat.

993 1074 1041 1107 Te
1065 1075 1149 1115 regis
1174 1074 1282 1108 David
1307 1083 1424 1115 genere

990 1122 1070 1154 Mox
1093 1125 1204 1154 natum
1228 1122 1423 1155 adoraverat

990 1171 1040 1202 Ac
1065 1171 1244 1212 vagientem
1267 1169 1368 1203 ubere

989 1216 1144 1258 Virgineo
1169 1218 1359 1252 lactaverat.

956 1329 964 1336 .
991 1305 1039 1337 Te
1063 1305 1153 1345 virgo
1178 1305 1304 1349 pannis,
1332 1304 1443 1338 fasciis

990 1352 1204 1385 Consti-ictum
1231 1353 1447 1386 reclinaverat

988 1400 1033 1432 Et
1057 1409 1092 1432 se
1116 1401 1180 1432 tuis
1206 1400 1368 1442 obsequiis

989 1448 1124 1481 Omnino
1148 1449 1400 1489 mancipaverat.

956 1563 962 1569 .
988 1535 1035 1567 Te
1058 1544 1172 1576 magno
1199 1545 1270 1568 cum
1294 1537 1439 1577 tripudio

986 1584 1103 1624 Angeli
1130 1584 1394 1617 collaudaverant

985 1632 1093 1671 Atque
1117 1641 1229 1672 pacem
1256 1641 1327 1665 cum
1353 1634 1471 1675 gaudio

987 1679 1025 1711 In
1050 1681 1146 1713 terris
1172 1681 1413 1715 concinuerant.

986 1766 1042 1809 Te,
1066 1766 1150 1810 Iesu,
1178 1770 1289 1807 pastor
1314 1769 1464 1812 omnium,

986 1814 1135 1847 Pastores
1159 1818 1237 1847 tunc
1261 1821 1487 1861 cognoverant,

985 1862 1070 1895 Dum
1094 1864 1129 1896 in
1153 1866 1324 1907 praesaepi
1349 1866 1522 1899 Dominum

986 1911 1149 1945 Iacentem
1174 1915 1208 1944 te
1231 1913 1433 1948 invenerant.

984 2064 1031 2096 Te
1057 2064 1110 2097 die
1135 2066 1382 2107 quadragesima

983 2113 1022 2145 In
1048 2114 1204 2154 templum
1227 2115 1318 2157 virgo
1343 2117 1465 2150 tulerat

982 2161 1033 2193 Ac
1056 2161 1166 2203 Moysi
1189 2163 1334 2204 legitima

984 2209 1168 2250 Spontanee
1192 2211 1345 2246 subierat.

982 2296 1091 2329 Mater
1114 2298 1280 2330 Herodem
1305 2299 1431 2342 fugiens

982 2346 1131 2386 Aegypto
1157 2350 1191 2378 te
1216 2347 1417 2382 conduxerat

981 2393 1190 2435 Tandemque
1212 2395 1288 2427 inde
1313 2398 1442 2430 rediens

980 2441 1035 2473 Ad
1061 2442 1224 2475 Nazareth
1248 2446 1434 2480 reduxerat.
