<?xml version="1.0" encoding="UTF-8"?>
<!DOCTYPE html PUBLIC "-//W3C//DTD XHTML 1.0 Transitional//EN"
    "http://www.w3.org/TR/xhtml1/DTD/xhtml1-transitional.dtd">
<html xmlns="http://www.w3.org/1999/xhtml" xml:lang="en" lang="en">
 <head>
  <title>
</title>
<meta http-equiv="Content-Type" content="text/html;charset=utf-8" />
  <meta name='ocr-system' content='tesseract 3.04.00' />
  <meta name='ocr-capabilities' content='ocr_page ocr_carea ocr_par ocr_line ocrx_word'/>
</head>
<body>
  <div class='ocr_page' id='page_1' title='image "./analectahymnica36drevuoft_00269.png"; bbox 0 0 1655 2726; ppageno 0'>
   <div class='ocr_carea' id='block_1_1' title="bbox 718 144 976 179">
    <p class='ocr_par' dir='ltr' id='par_1_1' title="bbox 718 144 976 179">
     <span class='ocr_line' id='line_1_1' title="bbox 718 144 976 179; baseline 0.004 -1"><span class='ocrx_word' id='word_1_1' title='bbox 718 144 976 179; x_wconf 72' lang='lat'>—266—</span> 
     </span>
    </p>
   </div>
   <div class='ocr_carea' id='block_1_2' title="bbox 187 239 816 522">
    <p class='ocr_par' dir='ltr' id='par_1_2' title="bbox 187 239 816 522">
     <span class='ocr_line' id='line_1_2' title="bbox 187 239 733 284; baseline -0.005 -10"><span class='ocrx_word' id='word_1_2' title='bbox 187 241 243 274; x_wconf 82' lang='lat'>31.</span> <span class='ocrx_word' id='word_1_3' title='bbox 260 240 357 282; x_wconf 83' lang='lat' dir='ltr'>Gigas</span> <span class='ocrx_word' id='word_1_4' title='bbox 383 241 487 284; x_wconf 80' lang='lat' dir='ltr'>velox,</span> <span class='ocrx_word' id='word_1_5' title='bbox 514 240 603 281; x_wconf 89' lang='lat' dir='ltr'>pugil</span> <span class='ocrx_word' id='word_1_6' title='bbox 630 239 733 283; x_wconf 83' lang='lat' dir='ltr'>fortis,</span> 
     </span>
     <span class='ocr_line' id='line_1_3' title="bbox 257 289 816 332; baseline -0.005 -10"><span class='ocrx_word' id='word_1_7' title='bbox 257 290 416 329; x_wconf 80' lang='lat' dir='ltr'>Princeps</span> <span class='ocrx_word' id='word_1_8' title='bbox 441 289 541 332; x_wconf 83' lang='lat' dir='ltr'>pacis,</span> <span class='ocrx_word' id='word_1_9' title='bbox 569 289 674 321; x_wconf 82' lang='lat' dir='ltr'>victor</span> <span class='ocrx_word' id='word_1_10' title='bbox 694 289 816 327; x_wconf 82' lang='lat' dir='ltr'>mortis,</span> 
     </span>
     <span class='ocr_line' id='line_1_4' title="bbox 307 336 704 377; baseline -0.008 -7"><span class='ocrx_word' id='word_1_11' title='bbox 307 338 378 370; x_wconf 83' lang='lat' dir='ltr'>Rex</span> <span class='ocrx_word' id='word_1_12' title='bbox 401 337 575 370; x_wconf 85' lang='lat' dir='ltr'>immensus</span> <span class='ocrx_word' id='word_1_13' title='bbox 600 336 704 377; x_wconf 88' lang='lat' dir='ltr'>gloria</span> 
     </span>
     <span class='ocr_line' id='line_1_5' title="bbox 256 384 761 424; baseline -0.002 -8"><span class='ocrx_word' id='word_1_14' title='bbox 256 386 308 417; x_wconf 88' lang='lat' dir='ltr'>Ad</span> <span class='ocrx_word' id='word_1_15' title='bbox 338 385 530 417; x_wconf 88' lang='lat' dir='ltr'>currendam</span> <span class='ocrx_word' id='word_1_16' title='bbox 554 385 642 416; x_wconf 87' lang='lat' dir='ltr'>venit</span> <span class='ocrx_word' id='word_1_17' title='bbox 664 384 761 424; x_wconf 87' lang='lat' dir='ltr'>viam,</span> 
     </span>
     <span class='ocr_line' id='line_1_6' title="bbox 256 432 770 473; baseline -0.004 -7"><span class='ocrx_word' id='word_1_18' title='bbox 256 433 426 473; x_wconf 84' lang='lat' dir='ltr'>Complens</span> <span class='ocrx_word' id='word_1_19' title='bbox 451 433 484 465; x_wconf 87' lang='lat' dir='ltr'>in</span> <span class='ocrx_word' id='word_1_20' title='bbox 510 441 545 464; x_wconf 88' lang='lat' dir='ltr'>se</span> <span class='ocrx_word' id='word_1_21' title='bbox 568 432 770 472; x_wconf 80' lang='lat' dir='ltr'>prophetiam</span> 
     </span>
     <span class='ocr_line' id='line_1_7' title="bbox 302 481 651 522; baseline -0.006 -8"><span class='ocrx_word' id='word_1_22' title='bbox 302 481 463 521; x_wconf 85' lang='lat' dir='ltr'>Legisque</span> <span class='ocrx_word' id='word_1_23' title='bbox 486 481 651 522; x_wconf 84' lang='lat' dir='ltr'>mysteria.</span> 
     </span>
    </p>
   </div>
   <div class='ocr_carea' id='block_1_3' title="bbox 185 548 761 829">
    <p class='ocr_par' dir='ltr' id='par_1_3' title="bbox 185 548 761 829">
     <span class='ocr_line' id='line_1_8' title="bbox 185 548 683 589; baseline -0.008 -6"><span class='ocrx_word' id='word_1_24' title='bbox 185 550 240 583; x_wconf 84' lang='lat'>32.</span> <span class='ocrx_word' id='word_1_25' title='bbox 255 548 318 580; x_wconf 91' lang='lat' dir='ltr'>Sed</span> <span class='ocrx_word' id='word_1_26' title='bbox 344 558 362 581; x_wconf 93' lang='lat'>0</span> <span class='ocrx_word' id='word_1_27' title='bbox 389 548 462 580; x_wconf 90' lang='lat' dir='ltr'>vilis</span> <span class='ocrx_word' id='word_1_28' title='bbox 488 549 683 589; x_wconf 73' lang='lat' dir='ltr'>apparatus!</span> 
     </span>
     <span class='ocr_line' id='line_1_9' title="bbox 258 596 743 629; baseline -0.002 -1"><span class='ocrx_word' id='word_1_29' title='bbox 258 596 346 629; x_wconf 82' lang='lat' dir='ltr'>Caeli</span> <span class='ocrx_word' id='word_1_30' title='bbox 371 604 429 627; x_wconf 81' lang='lat' dir='ltr'>rex</span> <span class='ocrx_word' id='word_1_31' title='bbox 455 606 493 628; x_wconf 88' lang='lat' dir='ltr'>ac</span> <span class='ocrx_word' id='word_1_32' title='bbox 518 600 625 628; x_wconf 88' lang='lat' dir='ltr'>terrae</span> <span class='ocrx_word' id='word_1_33' title='bbox 650 598 743 627; x_wconf 88' lang='lat' dir='ltr'>natus</span> 
     </span>
     <span class='ocr_line' id='line_1_10' title="bbox 304 644 691 686; baseline -0.005 -9"><span class='ocrx_word' id='word_1_34' title='bbox 304 645 431 685; x_wconf 83' lang='lat' dir='ltr'>Pauper</span> <span class='ocrx_word' id='word_1_35' title='bbox 457 647 504 677; x_wconf 87' lang='lat' dir='ltr'>est</span> <span class='ocrx_word' id='word_1_36' title='bbox 527 644 691 686; x_wconf 87' lang='lat' dir='ltr'>obsequio,</span> 
     </span>
     <span class='ocr_line' id='line_1_11' title="bbox 252 692 691 734; baseline -0.005 -9"><span class='ocrx_word' id='word_1_37' title='bbox 252 692 349 734; x_wconf 87' lang='lat' dir='ltr'>Ecce,</span> <span class='ocrx_word' id='word_1_38' title='bbox 375 695 482 725; x_wconf 90' lang='lat' dir='ltr'>rector</span> <span class='ocrx_word' id='word_1_39' title='bbox 508 693 691 733; x_wconf 85' lang='lat' dir='ltr'>angelorum</span> 
     </span>
     <span class='ocr_line' id='line_1_12' title="bbox 255 740 761 780; baseline -0.002 -8"><span class='ocrx_word' id='word_1_40' title='bbox 255 740 356 772; x_wconf 91' lang='lat' dir='ltr'>Boum</span> <span class='ocrx_word' id='word_1_41' title='bbox 383 749 514 773; x_wconf 89' lang='lat' dir='ltr'>consors</span> <span class='ocrx_word' id='word_1_42' title='bbox 540 744 572 772; x_wconf 92' lang='lat' dir='ltr'>et</span> <span class='ocrx_word' id='word_1_43' title='bbox 597 744 761 780; x_wconf 88' lang='lat' dir='ltr'>pastorum</span> 
     </span>
     <span class='ocr_line' id='line_1_13' title="bbox 303 788 674 829; baseline 0.005 -10"><span class='ocrx_word' id='word_1_44' title='bbox 303 789 393 820; x_wconf 86' lang='lat' dir='ltr'>Iacet</span> <span class='ocrx_word' id='word_1_45' title='bbox 415 788 449 819; x_wconf 92' lang='lat' dir='ltr'>in</span> <span class='ocrx_word' id='word_1_46' title='bbox 473 789 674 829; x_wconf 82' lang='lat' dir='ltr'>praesaepio.</span> 
     </span>
    </p>
   </div>
   <div class='ocr_carea' id='block_1_4' title="bbox 185 855 765 1136">
    <p class='ocr_par' dir='ltr' id='par_1_4' title="bbox 185 855 765 1136">
     <span class='ocr_line' id='line_1_14' title="bbox 185 855 727 896; baseline -0.006 -7"><span class='ocrx_word' id='word_1_47' title='bbox 185 856 241 889; x_wconf 83' lang='lat'>33.</span> <span class='ocrx_word' id='word_1_48' title='bbox 255 856 359 888; x_wconf 89' lang='lat' dir='ltr'>Homo</span> <span class='ocrx_word' id='word_1_49' title='bbox 385 864 475 887; x_wconf 92' lang='lat' dir='ltr'>suum</span> <span class='ocrx_word' id='word_1_50' title='bbox 502 856 589 896; x_wconf 87' lang='lat' dir='ltr'>parit</span> <span class='ocrx_word' id='word_1_51' title='bbox 613 855 727 895; x_wconf 86' lang='lat' dir='ltr'>Deum,</span> 
     </span>
     <span class='ocr_line' id='line_1_15' title="bbox 252 903 760 947; baseline -0.004 -11"><span class='ocrx_word' id='word_1_52' title='bbox 252 903 367 944; x_wconf 83' lang='lat' dir='ltr'>Fovet,</span> <span class='ocrx_word' id='word_1_53' title='bbox 392 907 523 947; x_wconf 83' lang='lat' dir='ltr'>tractat,</span> <span class='ocrx_word' id='word_1_54' title='bbox 551 904 652 936; x_wconf 90' lang='lat' dir='ltr'>nutrit</span> <span class='ocrx_word' id='word_1_55' title='bbox 678 912 760 944; x_wconf 90' lang='lat' dir='ltr'>eum,</span> 
     </span>
     <span class='ocr_line' id='line_1_16' title="bbox 302 952 732 993; baseline 0 -9"><span class='ocrx_word' id='word_1_56' title='bbox 302 952 383 984; x_wconf 85' lang='lat' dir='ltr'>Fert</span> <span class='ocrx_word' id='word_1_57' title='bbox 407 954 589 993; x_wconf 86' lang='lat' dir='ltr'>portantem</span> <span class='ocrx_word' id='word_1_58' title='bbox 615 952 732 992; x_wconf 86' lang='lat' dir='ltr'>omnia,</span> 
     </span>
     <span class='ocr_line' id='line_1_17' title="bbox 252 999 730 1042; baseline -0.006 -8"><span class='ocrx_word' id='word_1_59' title='bbox 252 1000 364 1034; x_wconf 85' lang='lat' dir='ltr'>Cibum</span> <span class='ocrx_word' id='word_1_60' title='bbox 390 1003 476 1040; x_wconf 87' lang='lat' dir='ltr'>pani,</span> <span class='ocrx_word' id='word_1_61' title='bbox 502 1003 613 1042; x_wconf 85' lang='lat' dir='ltr'>potum</span> <span class='ocrx_word' id='word_1_62' title='bbox 637 999 730 1040; x_wconf 87' lang='lat' dir='ltr'>fonti,</span> 
     </span>
     <span class='ocr_line' id='line_1_18' title="bbox 255 1048 765 1089; baseline 0 -9"><span class='ocrx_word' id='word_1_63' title='bbox 255 1048 382 1080; x_wconf 81' lang='lat' dir='ltr'>Victum</span> <span class='ocrx_word' id='word_1_64' title='bbox 414 1048 506 1089; x_wconf 79' lang='lat' dir='ltr'>vitae,</span> <span class='ocrx_word' id='word_1_65' title='bbox 534 1057 630 1081; x_wconf 87' lang='lat' dir='ltr'>cunas</span> <span class='ocrx_word' id='word_1_66' title='bbox 655 1049 765 1088; x_wconf 86' lang='lat' dir='ltr'>monti,</span> 
     </span>
     <span class='ocr_line' id='line_1_19' title="bbox 302 1096 682 1136; baseline -0.003 -8"><span class='ocrx_word' id='word_1_67' title='bbox 302 1096 369 1128; x_wconf 90' lang='lat' dir='ltr'>Soli</span> <span class='ocrx_word' id='word_1_68' title='bbox 394 1097 529 1136; x_wconf 85' lang='lat' dir='ltr'>praebet</span> <span class='ocrx_word' id='word_1_69' title='bbox 552 1097 682 1128; x_wconf 87' lang='lat' dir='ltr'>lumina.</span> 
     </span>
    </p>
   </div>
   <div class='ocr_carea' id='block_1_5' title="bbox 188 1173 812 1454">
    <p class='ocr_par' dir='ltr' id='par_1_5' title="bbox 188 1173 748 1310">
     <span class='ocr_line' id='line_1_20' title="bbox 188 1173 717 1213; baseline -0.006 -6"><span class='ocrx_word' id='word_1_70' title='bbox 188 1175 244 1207; x_wconf 84' lang='lat'>34.</span> <span class='ocrx_word' id='word_1_71' title='bbox 260 1173 363 1205; x_wconf 83' lang='lat' dir='ltr'>Dulce</span> <span class='ocrx_word' id='word_1_72' title='bbox 386 1176 490 1205; x_wconf 92' lang='lat' dir='ltr'>mater</span> <span class='ocrx_word' id='word_1_73' title='bbox 515 1183 549 1206; x_wconf 92' lang='lat' dir='ltr'>os</span> <span class='ocrx_word' id='word_1_74' title='bbox 574 1173 717 1213; x_wconf 87' lang='lat' dir='ltr'>lactavit,</span> 
     </span>
     <span class='ocr_line' id='line_1_21' title="bbox 254 1220 748 1255; baseline -0.006 0"><span class='ocrx_word' id='word_1_75' title='bbox 254 1221 350 1255; x_wconf 86' lang='lat' dir='ltr'>Cuius</span> <span class='ocrx_word' id='word_1_76' title='bbox 375 1230 487 1253; x_wconf 90' lang='lat' dir='ltr'>manus</span> <span class='ocrx_word' id='word_1_77' title='bbox 512 1231 569 1254; x_wconf 88' lang='lat' dir='ltr'>nos</span> <span class='ocrx_word' id='word_1_78' title='bbox 595 1220 748 1253; x_wconf 81' lang='lat' dir='ltr'>formavit</span> 
     </span>
     <span class='ocr_line' id='line_1_22' title="bbox 303 1269 717 1310; baseline 0 -9"><span class='ocrx_word' id='word_1_79' title='bbox 303 1269 349 1301; x_wconf 88' lang='lat' dir='ltr'>Et</span> <span class='ocrx_word' id='word_1_80' title='bbox 374 1269 430 1301; x_wconf 89' lang='lat' dir='ltr'>dat</span> <span class='ocrx_word' id='word_1_81' title='bbox 454 1278 542 1301; x_wconf 89' lang='lat' dir='ltr'>escas</span> <span class='ocrx_word' id='word_1_82' title='bbox 568 1270 717 1310; x_wconf 85' lang='lat' dir='ltr'>omnium,</span> 
     </span>
    </p>

    <p class='ocr_par' dir='ltr' id='par_1_6' title="bbox 252 1316 812 1454">
     <span class='ocr_line' id='line_1_23' title="bbox 256 1316 801 1355; baseline 0 -7"><span class='ocrx_word' id='word_1_83' title='bbox 256 1316 317 1355; x_wconf 84' lang='lat' dir='ltr'>Qui</span> <span class='ocrx_word' id='word_1_84' title='bbox 342 1326 377 1348; x_wconf 89' lang='lat' dir='ltr'>se</span> <span class='ocrx_word' id='word_1_85' title='bbox 400 1326 536 1350; x_wconf 85' lang='lat' dir='ltr'>nascens</span> <span class='ocrx_word' id='word_1_86' title='bbox 562 1317 594 1349; x_wconf 89' lang='lat' dir='ltr'>in</span> <span class='ocrx_word' id='word_1_87' title='bbox 622 1321 801 1349; x_wconf 81' lang='lat' dir='ltr'>consortem</span> 
     </span>
     <span class='ocr_line' id='line_1_24' title="bbox 252 1365 812 1406; baseline 0 -10"><span class='ocrx_word' id='word_1_88' title='bbox 252 1365 297 1397; x_wconf 90' lang='lat' dir='ltr'>Et</span> <span class='ocrx_word' id='word_1_89' title='bbox 328 1365 361 1396; x_wconf 90' lang='lat' dir='ltr'>in</span> <span class='ocrx_word' id='word_1_90' title='bbox 386 1365 504 1406; x_wconf 84' lang='lat' dir='ltr'>lytrum</span> <span class='ocrx_word' id='word_1_91' title='bbox 528 1374 642 1405; x_wconf 89' lang='lat' dir='ltr'>passus</span> <span class='ocrx_word' id='word_1_92' title='bbox 666 1367 812 1404; x_wconf 89' lang='lat' dir='ltr'>mortem,</span> 
     </span>
     <span class='ocr_line' id='line_1_25' title="bbox 305 1413 812 1454; baseline -0.004 -9"><span class='ocrx_word' id='word_1_93' title='bbox 305 1413 454 1454; x_wconf 86' lang='lat' dir='ltr'>Regnans</span> <span class='ocrx_word' id='word_1_94' title='bbox 490 1413 546 1446; x_wconf 87' lang='lat' dir='ltr'>dat</span> <span class='ocrx_word' id='word_1_95' title='bbox 569 1413 601 1444; x_wconf 91' lang='lat' dir='ltr'>in</span> <span class='ocrx_word' id='word_1_96' title='bbox 626 1413 812 1453; x_wconf 86' lang='lat' dir='ltr'>praemium.</span> 
     </span>
    </p>
   </div>
   <div class='ocr_carea' id='block_1_6' title="bbox 184 1489 801 1770">
    <p class='ocr_par' dir='ltr' id='par_1_7' title="bbox 184 1489 801 1770">
     <span class='ocr_line' id='line_1_26' title="bbox 184 1489 801 1531; baseline -0.003 -8"><span class='ocrx_word' id='word_1_97' title='bbox 184 1490 240 1523; x_wconf 83' lang='lat'>35.</span> <span class='ocrx_word' id='word_1_98' title='bbox 256 1490 320 1522; x_wconf 87' lang='lat' dir='ltr'>Sed</span> <span class='ocrx_word' id='word_1_99' title='bbox 347 1498 413 1531; x_wconf 86' lang='lat' dir='ltr'>cur,</span> <span class='ocrx_word' id='word_1_100' title='bbox 439 1493 543 1522; x_wconf 86' lang='lat' dir='ltr'>mater</span> <span class='ocrx_word' id='word_1_101' title='bbox 567 1490 682 1522; x_wconf 90' lang='lat' dir='ltr'>summi</span> <span class='ocrx_word' id='word_1_102' title='bbox 707 1489 801 1530; x_wconf 81' lang='lat' dir='ltr'>regis,</span> 
     </span>
     <span class='ocr_line' id='line_1_27' title="bbox 256 1537 693 1579; baseline -0.005 -8"><span class='ocrx_word' id='word_1_103' title='bbox 256 1537 351 1571; x_wconf 85' lang='lat' dir='ltr'>Ultro</span> <span class='ocrx_word' id='word_1_104' title='bbox 376 1537 465 1570; x_wconf 87' lang='lat' dir='ltr'>subis</span> <span class='ocrx_word' id='word_1_105' title='bbox 490 1538 578 1570; x_wconf 88' lang='lat' dir='ltr'>iussa</span> <span class='ocrx_word' id='word_1_106' title='bbox 602 1538 693 1579; x_wconf 79' lang='lat' dir='ltr'>legis,</span> 
     </span>
     <span class='ocr_line' id='line_1_28' title="bbox 302 1585 656 1626; baseline 0 -8"><span class='ocrx_word' id='word_1_107' title='bbox 302 1586 382 1626; x_wconf 82' lang='lat' dir='ltr'>Legi</span> <span class='ocrx_word' id='word_1_108' title='bbox 406 1594 470 1618; x_wconf 87' lang='lat' dir='ltr'>non</span> <span class='ocrx_word' id='word_1_109' title='bbox 496 1585 656 1618; x_wconf 83' lang='lat' dir='ltr'>obnoxia?</span> 
     </span>
     <span class='ocr_line' id='line_1_29' title="bbox 255 1634 683 1675; baseline -0.002 -8"><span class='ocrx_word' id='word_1_110' title='bbox 255 1635 341 1667; x_wconf 87' lang='lat' dir='ltr'>Pura</span> <span class='ocrx_word' id='word_1_111' title='bbox 366 1636 433 1665; x_wconf 83' lang='lat' dir='ltr'>tota</span> <span class='ocrx_word' id='word_1_112' title='bbox 460 1643 517 1666; x_wconf 92' lang='lat' dir='ltr'>cur</span> <span class='ocrx_word' id='word_1_113' title='bbox 541 1634 683 1675; x_wconf 85' lang='lat' dir='ltr'>purgari,</span> 
     </span>
     <span class='ocr_line' id='line_1_30' title="bbox 255 1681 728 1722; baseline -0.002 -8"><span class='ocrx_word' id='word_1_114' title='bbox 255 1681 319 1714; x_wconf 77' lang='lat' dir='ltr'>Gur</span> <span class='ocrx_word' id='word_1_115' title='bbox 344 1682 392 1713; x_wconf 82' lang='lat' dir='ltr'>vis</span> <span class='ocrx_word' id='word_1_116' title='bbox 417 1690 542 1722; x_wconf 82' lang='lat' dir='ltr'>pauper</span> <span class='ocrx_word' id='word_1_117' title='bbox 566 1682 728 1714; x_wconf 88' lang='lat' dir='ltr'>aestimari</span> 
     </span>
     <span class='ocr_line' id='line_1_31' title="bbox 298 1728 734 1770; baseline -0.002 -8"><span class='ocrx_word' id='word_1_118' title='bbox 298 1730 393 1770; x_wconf 90' lang='lat' dir='ltr'>Vulgi</span> <span class='ocrx_word' id='word_1_119' title='bbox 418 1734 551 1770; x_wconf 88' lang='lat' dir='ltr'>portans</span> <span class='ocrx_word' id='word_1_120' title='bbox 577 1739 710 1763; x_wconf 86' lang='lat' dir='ltr'>munera</span> <span class='ocrx_word' id='word_1_121' title='bbox 719 1728 734 1761; x_wconf 60' lang='grc' dir='ltr'>’ἒ</span> 
     </span>
    </p>
   </div>
   <div class='ocr_carea' id='block_1_7' title="bbox 881 241 1454 520">
    <p class='ocr_par' dir='ltr' id='par_1_8' title="bbox 881 241 1454 520">
     <span class='ocr_line' id='line_1_32' title="bbox 881 241 1428 279; baseline -0.007 -5"><span class='ocrx_word' id='word_1_122' title='bbox 881 242 936 274; x_wconf 83' lang='lat'>36.</span> <span class='ocrx_word' id='word_1_123' title='bbox 953 241 1092 273; x_wconf 87' lang='lat' dir='ltr'>Pulchra</span> <span class='ocrx_word' id='word_1_124' title='bbox 1116 241 1195 273; x_wconf 81' lang='lat' dir='ltr'>trias</span> <span class='ocrx_word' id='word_1_125' title='bbox 1220 250 1239 273; x_wconf 93' lang='lat' dir='ltr'>o</span> <span class='ocrx_word' id='word_1_126' title='bbox 1266 241 1428 279; x_wconf 89' lang='lat' dir='ltr'>virtutum,</span> 
     </span>
     <span class='ocr_line' id='line_1_33' title="bbox 947 287 1454 329; baseline -0.004 -9"><span class='ocrx_word' id='word_1_127' title='bbox 947 289 1069 329; x_wconf 83' lang='lat' dir='ltr'>Quibus</span> <span class='ocrx_word' id='word_1_128' title='bbox 1095 288 1197 320; x_wconf 83' lang='lat' dir='ltr'>claret</span> <span class='ocrx_word' id='word_1_129' title='bbox 1221 289 1275 320; x_wconf 83' lang='lat' dir='ltr'>hic</span> <span class='ocrx_word' id='word_1_130' title='bbox 1299 287 1454 319; x_wconf 82' lang='lat' dir='ltr'>imbutum</span> 
     </span>
     <span class='ocr_line' id='line_1_34' title="bbox 994 335 1343 376; baseline -0.003 -8"><span class='ocrx_word' id='word_1_131' title='bbox 994 336 1110 368; x_wconf 85' lang='lat' dir='ltr'>Matris</span> <span class='ocrx_word' id='word_1_132' title='bbox 1137 345 1192 368; x_wconf 89' lang='lat' dir='ltr'>cor</span> <span class='ocrx_word' id='word_1_133' title='bbox 1217 339 1250 368; x_wconf 87' lang='lat' dir='ltr'>et</span> <span class='ocrx_word' id='word_1_134' title='bbox 1273 335 1343 376; x_wconf 87' lang='lat' dir='ltr'>filii,</span> 
     </span>
     <span class='ocr_line' id='line_1_35' title="bbox 947 383 1340 425; baseline -0.003 -10"><span class='ocrx_word' id='word_1_135' title='bbox 947 383 1107 416; x_wconf 88' lang='lat' dir='ltr'>Oboedire</span> <span class='ocrx_word' id='word_1_136' title='bbox 1131 384 1195 416; x_wconf 87' lang='lat' dir='ltr'>iam</span> <span class='ocrx_word' id='word_1_137' title='bbox 1218 383 1340 425; x_wconf 87' lang='lat' dir='ltr'>paratis</span> 
     </span>
     <span class='ocr_line' id='line_1_36' title="bbox 947 431 1369 471; baseline -0.005 -7"><span class='ocrx_word' id='word_1_138' title='bbox 947 431 971 464; x_wconf 97' lang='lat' dir='ltr'>O</span> <span class='ocrx_word' id='word_1_139' title='bbox 998 431 1068 471; x_wconf 88' lang='lat' dir='ltr'>quis</span> <span class='ocrx_word' id='word_1_140' title='bbox 1094 440 1184 464; x_wconf 86' lang='lat' dir='ltr'>amor</span> <span class='ocrx_word' id='word_1_141' title='bbox 1207 431 1369 471; x_wconf 86' lang='lat' dir='ltr'>puritatis,</span> 
     </span>
     <span class='ocr_line' id='line_1_37' title="bbox 994 478 1422 520; baseline -0.002 -9"><span class='ocrx_word' id='word_1_142' title='bbox 994 478 1082 518; x_wconf 92' lang='lat' dir='ltr'>Quae</span> <span class='ocrx_word' id='word_1_143' title='bbox 1105 482 1280 520; x_wconf 81' lang='lat' dir='ltr'>paupertas</span> <span class='ocrx_word' id='word_1_144' title='bbox 1306 479 1422 511; x_wconf 88' lang='lat' dir='ltr'>animi!</span> 
     </span>
    </p>
   </div>
   <div class='ocr_carea' id='block_1_8' title="bbox 875 546 1508 828">
    <p class='ocr_par' dir='ltr' id='par_1_9' title="bbox 875 546 1508 828">
     <span class='ocr_line' id='line_1_38' title="bbox 875 546 1506 587; baseline -0.003 -7"><span class='ocrx_word' id='word_1_145' title='bbox 875 547 930 580; x_wconf 81' lang='lat'>37.</span> <span class='ocrx_word' id='word_1_146' title='bbox 946 546 1030 585; x_wconf 90' lang='lat' dir='ltr'>Quos</span> <span class='ocrx_word' id='word_1_147' title='bbox 1051 548 1271 587; x_wconf 80' lang='lat' dir='ltr'>transgressor</span> <span class='ocrx_word' id='word_1_148' title='bbox 1289 549 1383 578; x_wconf 88' lang='lat' dir='ltr'>necat</span> <span class='ocrx_word' id='word_1_149' title='bbox 1399 555 1506 587; x_wconf 79' lang='lat' dir='ltr'>pomo,</span> 
     </span>
     <span class='ocr_line' id='line_1_39' title="bbox 945 593 1474 628; baseline -0.004 0"><span class='ocrx_word' id='word_1_150' title='bbox 945 594 1092 628; x_wconf 87' lang='lat' dir='ltr'>Christus</span> <span class='ocrx_word' id='word_1_151' title='bbox 1118 595 1224 626; x_wconf 86' lang='lat' dir='ltr'>salvat</span> <span class='ocrx_word' id='word_1_152' title='bbox 1249 593 1354 627; x_wconf 86' lang='lat' dir='ltr'>factus</span> <span class='ocrx_word' id='word_1_153' title='bbox 1380 595 1474 627; x_wconf 88' lang='lat' dir='ltr'>homo</span> 
     </span>
     <span class='ocr_line' id='line_1_40' title="bbox 992 643 1387 683; baseline 0 -8"><span class='ocrx_word' id='word_1_154' title='bbox 992 643 1079 675; x_wconf 88' lang='lat' dir='ltr'>Miro</span> <span class='ocrx_word' id='word_1_155' title='bbox 1104 652 1237 683; x_wconf 88' lang='lat' dir='ltr'>prorsus</span> <span class='ocrx_word' id='word_1_156' title='bbox 1263 643 1387 683; x_wconf 84' lang='lat' dir='ltr'>ordine,</span> 
     </span>
     <span class='ocr_line' id='line_1_41' title="bbox 944 691 1488 731; baseline 0 -8"><span class='ocrx_word' id='word_1_157' title='bbox 944 691 1049 723; x_wconf 86' lang='lat' dir='ltr'>Adam</span> <span class='ocrx_word' id='word_1_158' title='bbox 1075 692 1199 731; x_wconf 89' lang='lat' dir='ltr'>primus</span> <span class='ocrx_word' id='word_1_159' title='bbox 1221 700 1281 731; x_wconf 89' lang='lat' dir='ltr'>per</span> <span class='ocrx_word' id='word_1_160' title='bbox 1307 695 1488 724; x_wconf 82' lang='lat' dir='ltr'>consortem</span> 
     </span>
     <span class='ocr_line' id='line_1_42' title="bbox 948 739 1508 780; baseline -0.002 -8"><span class='ocrx_word' id='word_1_161' title='bbox 948 739 1062 772; x_wconf 86' lang='lat' dir='ltr'>Perdit</span> <span class='ocrx_word' id='word_1_162' title='bbox 1088 749 1156 780; x_wconf 86' lang='lat' dir='ltr'>nos,</span> <span class='ocrx_word' id='word_1_163' title='bbox 1183 739 1344 771; x_wconf 90' lang='lat' dir='ltr'>secundus</span> <span class='ocrx_word' id='word_1_164' title='bbox 1372 743 1508 772; x_wconf 86' lang='lat' dir='ltr'>mortem</span> 
     </span>
     <span class='ocr_line' id='line_1_43' title="bbox 993 788 1358 828; baseline 0 -9"><span class='ocrx_word' id='word_1_165' title='bbox 993 788 1141 820; x_wconf 84' lang='lat' dir='ltr'>Destruit</span> <span class='ocrx_word' id='word_1_166' title='bbox 1165 788 1198 819; x_wconf 87' lang='lat' dir='ltr'>in</span> <span class='ocrx_word' id='word_1_167' title='bbox 1224 788 1358 828; x_wconf 85' lang='lat' dir='ltr'>virgine.</span> 
     </span>
    </p>
   </div>
   <div class='ocr_carea' id='block_1_9' title="bbox 875 854 1462 1136">
    <p class='ocr_par' dir='ltr' id='par_1_10' title="bbox 875 854 1462 1136">
     <span class='ocr_line' id='line_1_44' title="bbox 875 854 1436 897; baseline -0.004 -8"><span class='ocrx_word' id='word_1_168' title='bbox 875 856 930 889; x_wconf 86' lang='lat'>38.</span> <span class='ocrx_word' id='word_1_169' title='bbox 945 855 1031 887; x_wconf 86' lang='lat' dir='ltr'>Num</span> <span class='ocrx_word' id='word_1_170' title='bbox 1056 854 1211 887; x_wconf 89' lang='lat' dir='ltr'>abhorres</span> <span class='ocrx_word' id='word_1_171' title='bbox 1237 858 1436 897; x_wconf 83' lang='lat' dir='ltr'>peccatores,</span> 
     </span>
     <span class='ocr_line' id='line_1_45' title="bbox 946 902 1462 944; baseline 0 -9"><span class='ocrx_word' id='word_1_172' title='bbox 946 903 1022 936; x_wconf 88' lang='lat' dir='ltr'>Sine</span> <span class='ocrx_word' id='word_1_173' title='bbox 1047 903 1161 944; x_wconf 86' lang='lat' dir='ltr'>quibus</span> <span class='ocrx_word' id='word_1_174' title='bbox 1186 913 1349 944; x_wconf 86' lang='lat' dir='ltr'>nunquam</span> <span class='ocrx_word' id='word_1_175' title='bbox 1375 902 1462 935; x_wconf 88' lang='lat' dir='ltr'>fores</span> 
     </span>
     <span class='ocr_line' id='line_1_46' title="bbox 994 950 1332 984; baseline -0.003 0"><span class='ocrx_word' id='word_1_176' title='bbox 994 952 1098 984; x_wconf 86' lang='lat' dir='ltr'>Tanto</span> <span class='ocrx_word' id='word_1_177' title='bbox 1125 952 1213 984; x_wconf 84' lang='lat' dir='ltr'>clara</span> <span class='ocrx_word' id='word_1_178' title='bbox 1237 950 1332 983; x_wconf 82' lang='lat' dir='ltr'>filio?</span> 
     </span>
     <span class='ocr_line' id='line_1_47' title="bbox 946 999 1419 1040; baseline 0.002 -9"><span class='ocrx_word' id='word_1_179' title='bbox 946 999 980 1032; x_wconf 89' lang='lat' dir='ltr'>Si</span> <span class='ocrx_word' id='word_1_180' title='bbox 1005 1009 1069 1031; x_wconf 89' lang='lat' dir='ltr'>non</span> <span class='ocrx_word' id='word_1_181' title='bbox 1095 1003 1202 1032; x_wconf 87' lang='lat' dir='ltr'>essent</span> <span class='ocrx_word' id='word_1_182' title='bbox 1226 1000 1419 1040; x_wconf 78' lang='lat' dir='ltr'>redimendi,</span> 
     </span>
     <span class='ocr_line' id='line_1_48' title="bbox 947 1048 1305 1087; baseline -0.003 -7"><span class='ocrx_word' id='word_1_183' title='bbox 947 1048 1046 1080; x_wconf 83' lang='lat' dir='ltr'>Nulla</span> <span class='ocrx_word' id='word_1_184' title='bbox 1070 1048 1130 1079; x_wconf 88' lang='lat' dir='ltr'>tibi</span> <span class='ocrx_word' id='word_1_185' title='bbox 1154 1048 1305 1087; x_wconf 89' lang='lat' dir='ltr'>pariendi</span> 
     </span>
     <span class='ocr_line' id='line_1_49' title="bbox 991 1096 1360 1136; baseline 0.003 -8"><span class='ocrx_word' id='word_1_186' title='bbox 991 1096 1241 1136; x_wconf 87' lang='lat' dir='ltr'>Redemptorem</span> <span class='ocrx_word' id='word_1_187' title='bbox 1266 1096 1360 1130; x_wconf 87' lang='lat' dir='ltr'>ratio.</span> 
     </span>
    </p>
   </div>
   <div class='ocr_carea' id='block_1_10' title="bbox 875 1172 1510 1454">
    <p class='ocr_par' dir='ltr' id='par_1_11' title="bbox 875 1172 1510 1358">
     <span class='ocr_line' id='line_1_50' title="bbox 875 1172 1510 1212; baseline -0.003 -6"><span class='ocrx_word' id='word_1_188' title='bbox 875 1174 930 1206; x_wconf 84' lang='lat'>39.</span> <span class='ocrx_word' id='word_1_189' title='bbox 945 1172 1009 1205; x_wconf 88' lang='lat' dir='ltr'>Sed</span> <span class='ocrx_word' id='word_1_190' title='bbox 1036 1181 1129 1212; x_wconf 89' lang='lat' dir='ltr'>quam</span> <span class='ocrx_word' id='word_1_191' title='bbox 1155 1174 1307 1212; x_wconf 87' lang='lat' dir='ltr'>prompta</span> <span class='ocrx_word' id='word_1_192' title='bbox 1331 1172 1375 1204; x_wconf 93' lang='lat' dir='ltr'>sis</span> <span class='ocrx_word' id='word_1_193' title='bbox 1400 1181 1510 1204; x_wconf 87' lang='lat' dir='ltr'>amore</span> 
     </span>
     <span class='ocr_line' id='line_1_51' title="bbox 943 1220 1418 1253; baseline 0 -1"><span class='ocrx_word' id='word_1_194' title='bbox 943 1220 1007 1252; x_wconf 88' lang='lat' dir='ltr'>Pro</span> <span class='ocrx_word' id='word_1_195' title='bbox 1032 1221 1170 1252; x_wconf 88' lang='lat' dir='ltr'>materni</span> <span class='ocrx_word' id='word_1_196' title='bbox 1197 1220 1304 1252; x_wconf 91' lang='lat' dir='ltr'>cordis</span> <span class='ocrx_word' id='word_1_197' title='bbox 1329 1229 1418 1253; x_wconf 89' lang='lat' dir='ltr'>more</span> 
     </span>
     <span class='ocr_line' id='line_1_52' title="bbox 993 1268 1424 1310; baseline 0 -10"><span class='ocrx_word' id='word_1_198' title='bbox 993 1268 1150 1300; x_wconf 83' lang='lat' dir='ltr'>Dextram</span> <span class='ocrx_word' id='word_1_199' title='bbox 1175 1268 1263 1300; x_wconf 88' lang='lat' dir='ltr'>ferre</span> <span class='ocrx_word' id='word_1_200' title='bbox 1287 1269 1424 1310; x_wconf 90' lang='lat' dir='ltr'>miseris,</span> 
     </span>
     <span class='ocr_line' id='line_1_53' title="bbox 946 1316 1440 1358; baseline 0 -10"><span class='ocrx_word' id='word_1_201' title='bbox 946 1316 1111 1348; x_wconf 84' lang='lat' dir='ltr'>Monstras</span> <span class='ocrx_word' id='word_1_202' title='bbox 1137 1317 1220 1357; x_wconf 87' lang='lat' dir='ltr'>signi</span> <span class='ocrx_word' id='word_1_203' title='bbox 1243 1325 1302 1357; x_wconf 89' lang='lat' dir='ltr'>spe</span> <span class='ocrx_word' id='word_1_204' title='bbox 1329 1317 1440 1358; x_wconf 88' lang='lat' dir='ltr'>divini,</span> 
     </span>
    </p>

    <p class='ocr_par' dir='ltr' id='par_1_12' title="bbox 947 1364 1496 1454">
     <span class='ocr_line' id='line_1_54' title="bbox 947 1364 1496 1405; baseline 0.004 -10"><span class='ocrx_word' id='word_1_205' title='bbox 947 1364 1030 1396; x_wconf 90' lang='lat' dir='ltr'>Dum</span> <span class='ocrx_word' id='word_1_206' title='bbox 1056 1373 1114 1404; x_wconf 91' lang='lat' dir='ltr'>pro</span> <span class='ocrx_word' id='word_1_207' title='bbox 1142 1365 1268 1405; x_wconf 89' lang='lat' dir='ltr'>sponsis</span> <span class='ocrx_word' id='word_1_208' title='bbox 1295 1373 1403 1397; x_wconf 86' lang='lat' dir='ltr'>curam</span> <span class='ocrx_word' id='word_1_209' title='bbox 1428 1365 1496 1397; x_wconf 88' lang='lat' dir='ltr'>vini</span> 
     </span>
     <span class='ocr_line' id='line_1_55' title="bbox 993 1412 1415 1454; baseline 0.002 -10"><span class='ocrx_word' id='word_1_210' title='bbox 993 1412 1136 1454; x_wconf 81' lang='lat' dir='ltr'>Supplex</span> <span class='ocrx_word' id='word_1_211' title='bbox 1160 1414 1235 1445; x_wconf 85' lang='lat' dir='ltr'>nato</span> <span class='ocrx_word' id='word_1_212' title='bbox 1260 1413 1415 1454; x_wconf 87' lang='lat' dir='ltr'>suggeris.</span> 
     </span>
    </p>
   </div>
   <div class='ocr_carea' id='block_1_11' title="bbox 874 1489 1508 1766">
    <p class='ocr_par' dir='ltr' id='par_1_13' title="bbox 874 1489 1508 1766">
     <span class='ocr_line' id='line_1_56' title="bbox 874 1489 1345 1533; baseline 0 -12"><span class='ocrx_word' id='word_1_213' title='bbox 874 1490 929 1522; x_wconf 87' lang='lat'>40.</span> <span class='ocrx_word' id='word_1_214' title='bbox 947 1489 1010 1530; x_wconf 86' lang='lat' dir='ltr'>En,</span> <span class='ocrx_word' id='word_1_215' title='bbox 1035 1498 1053 1521; x_wconf 94' lang='lat' dir='ltr'>o</span> <span class='ocrx_word' id='word_1_216' title='bbox 1078 1493 1182 1522; x_wconf 88' lang='lat' dir='ltr'>mater</span> <span class='ocrx_word' id='word_1_217' title='bbox 1205 1490 1345 1533; x_wconf 85' lang='lat' dir='ltr'>pietatis,</span> 
     </span>
     <span class='ocr_line' id='line_1_57' title="bbox 947 1538 1508 1579; baseline 0.002 -10"><span class='ocrx_word' id='word_1_218' title='bbox 947 1538 1104 1576; x_wconf 77' lang='lat' dir='ltr'>Quantam</span> <span class='ocrx_word' id='word_1_219' title='bbox 1129 1539 1248 1570; x_wconf 88' lang='lat' dir='ltr'>nostris</span> <span class='ocrx_word' id='word_1_220' title='bbox 1275 1547 1365 1578; x_wconf 89' lang='lat' dir='ltr'>spem</span> <span class='ocrx_word' id='word_1_221' title='bbox 1388 1539 1508 1579; x_wconf 84' lang='lat' dir='ltr'>rogatis</span> 
     </span>
     <span class='ocr_line' id='line_1_58' title="bbox 996 1586 1375 1626; baseline 0.005 -9"><span class='ocrx_word' id='word_1_222' title='bbox 996 1586 1064 1618; x_wconf 87' lang='lat' dir='ltr'>Tua</span> <span class='ocrx_word' id='word_1_223' title='bbox 1092 1587 1169 1618; x_wconf 84' lang='lat' dir='ltr'>dent</span> <span class='ocrx_word' id='word_1_224' title='bbox 1191 1587 1375 1626; x_wconf 80' lang='lat' dir='ltr'>praesidia!</span> 
     </span>
     <span class='ocr_line' id='line_1_59' title="bbox 948 1634 1458 1676; baseline 0.006 -11"><span class='ocrx_word' id='word_1_225' title='bbox 948 1634 1011 1666; x_wconf 88' lang='lat' dir='ltr'>Per</span> <span class='ocrx_word' id='word_1_226' title='bbox 1035 1637 1068 1665; x_wconf 90' lang='lat' dir='ltr'>te</span> <span class='ocrx_word' id='word_1_227' title='bbox 1092 1634 1195 1666; x_wconf 89' lang='lat' dir='ltr'>Deum</span> <span class='ocrx_word' id='word_1_228' title='bbox 1222 1636 1347 1675; x_wconf 86' lang='lat' dir='ltr'>quaerit</span> <span class='ocrx_word' id='word_1_229' title='bbox 1373 1644 1458 1676; x_wconf 90' lang='lat' dir='ltr'>reus,</span> 
     </span>
     <span class='ocr_line' id='line_1_60' title="bbox 946 1682 1506 1725; baseline 0.005 -12"><span class='ocrx_word' id='word_1_230' title='bbox 946 1682 1001 1714; x_wconf 84' lang='lat' dir='ltr'>Ad</span> <span class='ocrx_word' id='word_1_231' title='bbox 1034 1691 1127 1722; x_wconf 85' lang='lat' dir='ltr'>quem</span> <span class='ocrx_word' id='word_1_232' title='bbox 1153 1691 1211 1723; x_wconf 87' lang='lat' dir='ltr'>per</span> <span class='ocrx_word' id='word_1_233' title='bbox 1236 1685 1269 1714; x_wconf 84' lang='lat' dir='ltr'>te</span> <span class='ocrx_word' id='word_1_234' title='bbox 1293 1684 1383 1716; x_wconf 80' lang='lat' dir='ltr'>venit</span> <span class='ocrx_word' id='word_1_235' title='bbox 1407 1683 1506 1725; x_wconf 87' lang='lat' dir='ltr'>Deus,</span> 
     </span>
     <span class='ocr_line' id='line_1_61' title="bbox 994 1729 1376 1766; baseline 0.01 -5"><span class='ocrx_word' id='word_1_236' title='bbox 994 1729 1044 1762; x_wconf 86' lang='lat' dir='ltr'>Sis</span> <span class='ocrx_word' id='word_1_237' title='bbox 1069 1730 1234 1763; x_wconf 87' lang='lat' dir='ltr'>amborum</span> <span class='ocrx_word' id='word_1_238' title='bbox 1259 1732 1376 1766; x_wconf 84' lang='lat' dir='ltr'>media.</span> 
     </span>
    </p>
   </div>
   <div class='ocr_carea' id='block_1_12' title="bbox 572 1903 1161 2185">
    <p class='ocr_par' dir='ltr' id='par_1_14' title="bbox 574 1903 1161 1943">
     <span class='ocr_line' id='line_1_62' title="bbox 574 1903 1161 1943; baseline -0.002 -6"><span class='ocrx_word' id='word_1_239' title='bbox 574 1904 680 1943; x_wconf 87' lang='lat' dir='ltr'>Salve,</span> <span class='ocrx_word' id='word_1_240' title='bbox 720 1905 833 1943; x_wconf 89' lang='lat' dir='ltr'>mater,</span> <span class='ocrx_word' id='word_1_241' title='bbox 861 1911 942 1943; x_wconf 87' lang='lat' dir='ltr'>quae</span> <span class='ocrx_word' id='word_1_242' title='bbox 968 1903 1161 1943; x_wconf 86' lang='lat' dir='ltr'>pendentem</span> 
     </span>
    </p>

    <p class='ocr_par' dir='ltr' id='par_1_15' title="bbox 572 1950 1032 2039">
     <span class='ocr_line' id='line_1_63' title="bbox 572 1950 1032 1993; baseline -0.002 -9"><span class='ocrx_word' id='word_1_243' title='bbox 572 1951 615 1984; x_wconf 89' lang='lat' dir='ltr'>Et</span> <span class='ocrx_word' id='word_1_244' title='bbox 640 1961 699 1993; x_wconf 86' lang='lat' dir='ltr'>pro</span> <span class='ocrx_word' id='word_1_245' title='bbox 724 1950 818 1983; x_wconf 88' lang='lat' dir='ltr'>nobis</span> <span class='ocrx_word' id='word_1_246' title='bbox 843 1951 1032 1983; x_wconf 88' lang='lat' dir='ltr'>morientem</span> 
     </span>
     <span class='ocr_line' id='line_1_64' title="bbox 623 1998 1001 2039; baseline -0.005 -7"><span class='ocrx_word' id='word_1_247' title='bbox 623 1999 726 2032; x_wconf 83' lang='lat' dir='ltr'>Gruce</span> <span class='ocrx_word' id='word_1_248' title='bbox 751 1999 855 2031; x_wconf 83' lang='lat' dir='ltr'>cernis</span> <span class='ocrx_word' id='word_1_249' title='bbox 882 1998 1001 2039; x_wconf 78' lang='lat' dir='ltr'>filium;</span> 
     </span>
    </p>

    <p class='ocr_par' dir='ltr' id='par_1_16' title="bbox 572 2047 1158 2090">
     <span class='ocr_line' id='line_1_65' title="bbox 572 2047 1158 2090; baseline 0.002 -10"><span class='ocrx_word' id='word_1_250' title='bbox 572 2048 656 2087; x_wconf 86' lang='lat' dir='ltr'>Heu,</span> <span class='ocrx_word' id='word_1_251' title='bbox 679 2048 750 2088; x_wconf 90' lang='lat' dir='ltr'>quis</span> <span class='ocrx_word' id='word_1_252' title='bbox 773 2047 882 2080; x_wconf 86' lang='lat' dir='ltr'>dolor!</span> <span class='ocrx_word' id='word_1_253' title='bbox 910 2048 1021 2087; x_wconf 87' lang='lat' dir='ltr'>perdis</span> <span class='ocrx_word' id='word_1_254' title='bbox 1037 2053 1158 2090; x_wconf 87' lang='lat' dir='ltr'>natum,</span> 
     </span>
    </p>

    <p class='ocr_par' dir='ltr' id='par_1_17' title="bbox 575 2095 1047 2185">
     <span class='ocr_line' id='line_1_66' title="bbox 575 2095 1047 2129; baseline -0.002 -1"><span class='ocrx_word' id='word_1_255' title='bbox 575 2096 672 2129; x_wconf 79' lang='lat' dir='ltr'>Cuius</span> <span class='ocrx_word' id='word_1_256' title='bbox 697 2095 767 2128; x_wconf 86' lang='lat' dir='ltr'>vice</span> <span class='ocrx_word' id='word_1_257' title='bbox 793 2096 1047 2128; x_wconf 88' lang='lat' dir='ltr'>commendatum</span> 
     </span>
     <span class='ocr_line' id='line_1_67' title="bbox 623 2144 984 2185; baseline 0.003 -8"><span class='ocrx_word' id='word_1_258' title='bbox 623 2144 754 2185; x_wconf 84' lang='lat' dir='ltr'>Recipis</span> <span class='ocrx_word' id='word_1_259' title='bbox 782 2144 984 2184; x_wconf 88' lang='lat' dir='ltr'>discipulum.</span> 
     </span>
    </p>
   </div>
   <div class='ocr_carea' id='block_1_13' title="bbox 181 2212 796 2488">
    <p class='ocr_par' dir='ltr' id='par_1_18' title="bbox 181 2212 796 2488">
     <span class='ocr_line' id='line_1_68' title="bbox 181 2212 796 2251; baseline -0.007 -4"><span class='ocrx_word' id='word_1_260' title='bbox 181 2213 237 2247; x_wconf 85' lang='lat'>41.</span> <span class='ocrx_word' id='word_1_261' title='bbox 253 2212 312 2251; x_wconf 90' lang='lat' dir='ltr'>Qui</span> <span class='ocrx_word' id='word_1_262' title='bbox 338 2212 481 2244; x_wconf 82' lang='lat' dir='ltr'>surrexit</span> <span class='ocrx_word' id='word_1_263' title='bbox 505 2213 635 2245; x_wconf 89' lang='lat' dir='ltr'>vincens</span> <span class='ocrx_word' id='word_1_264' title='bbox 660 2213 796 2244; x_wconf 86' lang='lat' dir='ltr'>mortem</span> 
     </span>
     <span class='ocr_line' id='line_1_69' title="bbox 255 2260 726 2293; baseline -0.002 -1"><span class='ocrx_word' id='word_1_265' title='bbox 255 2260 352 2293; x_wconf 86' lang='lat' dir='ltr'>Caelo</span> <span class='ocrx_word' id='word_1_266' title='bbox 377 2261 464 2293; x_wconf 89' lang='lat' dir='ltr'>locat</span> <span class='ocrx_word' id='word_1_267' title='bbox 487 2264 521 2293; x_wconf 87' lang='lat' dir='ltr'>te</span> <span class='ocrx_word' id='word_1_268' title='bbox 546 2263 726 2293; x_wconf 88' lang='lat' dir='ltr'>consortem</span> 
     </span>
     <span class='ocr_line' id='line_1_70' title="bbox 300 2309 722 2349; baseline -0.005 -7"><span class='ocrx_word' id='word_1_269' title='bbox 300 2309 409 2343; x_wconf 80' lang='lat' dir='ltr'>Patris</span> <span class='ocrx_word' id='word_1_270' title='bbox 434 2309 550 2342; x_wconf 87' lang='lat' dir='ltr'>sedens</span> <span class='ocrx_word' id='word_1_271' title='bbox 578 2310 722 2349; x_wconf 80' lang='lat' dir='ltr'>dextera,</span> 
     </span>
     <span class='ocr_line' id='line_1_71' title="bbox 255 2356 724 2398; baseline 0 -9"><span class='ocrx_word' id='word_1_272' title='bbox 255 2356 341 2389; x_wconf 86' lang='lat' dir='ltr'>Miro</span> <span class='ocrx_word' id='word_1_273' title='bbox 366 2357 486 2398; x_wconf 89' lang='lat' dir='ltr'>gaudes</span> <span class='ocrx_word' id='word_1_274' title='bbox 512 2360 607 2390; x_wconf 86' lang='lat' dir='ltr'>aucta</span> <span class='ocrx_word' id='word_1_275' title='bbox 631 2357 724 2397; x_wconf 89' lang='lat' dir='ltr'>dono,</span> 
     </span>
     <span class='ocr_line' id='line_1_72' title="bbox 255 2405 766 2447; baseline 0 -10"><span class='ocrx_word' id='word_1_276' title='bbox 255 2405 341 2438; x_wconf 89' lang='lat' dir='ltr'>Dum</span> <span class='ocrx_word' id='word_1_277' title='bbox 367 2405 496 2438; x_wconf 89' lang='lat' dir='ltr'>sublimi</span> <span class='ocrx_word' id='word_1_278' title='bbox 521 2405 625 2447; x_wconf 81' lang='lat' dir='ltr'>fulges</span> <span class='ocrx_word' id='word_1_279' title='bbox 651 2405 766 2439; x_wconf 89' lang='lat' dir='ltr'>throno</span> 
     </span>
     <span class='ocr_line' id='line_1_73' title="bbox 303 2453 689 2488; baseline 0 -1"><span class='ocrx_word' id='word_1_280' title='bbox 303 2453 392 2487; x_wconf 89' lang='lat' dir='ltr'>Caeli</span> <span class='ocrx_word' id='word_1_281' title='bbox 419 2454 545 2487; x_wconf 87' lang='lat' dir='ltr'>calcans</span> <span class='ocrx_word' id='word_1_282' title='bbox 571 2455 689 2488; x_wconf 86' lang='lat' dir='ltr'>sidera.</span> 
     </span>
    </p>
   </div>
   <div class='ocr_carea' id='block_1_14' title="bbox 873 2211 1463 2249">
    <p class='ocr_par' dir='ltr' id='par_1_19' title="bbox 873 2211 1463 2249">
     <span class='ocr_line' id='line_1_74' title="bbox 873 2211 1463 2249; baseline 0.01 -6"><span class='ocrx_word' id='word_1_283' title='bbox 873 2213 931 2245; x_wconf 84' lang='lat'>42.</span> <span class='ocrx_word' id='word_1_284' title='bbox 946 2211 1010 2244; x_wconf 87' lang='lat' dir='ltr'>Sed</span> <span class='ocrx_word' id='word_1_285' title='bbox 1036 2222 1096 2245; x_wconf 88' lang='lat' dir='ltr'>nec</span> <span class='ocrx_word' id='word_1_286' title='bbox 1120 2217 1209 2247; x_wconf 87' lang='lat' dir='ltr'>terra</span> <span class='ocrx_word' id='word_1_287' title='bbox 1231 2214 1280 2248; x_wconf 85' lang='lat' dir='ltr'>fas</span> <span class='ocrx_word' id='word_1_288' title='bbox 1306 2216 1463 2249; x_wconf 84' lang='lat' dir='ltr'>abscondi</span> 
     </span>
    </p>
   </div>
   <div class='ocr_carea' id='block_1_15' title="bbox 943 2259 1485 2491">
    <p class='ocr_par' dir='ltr' id='par_1_20' title="bbox 943 2259 1485 2353">
     <span class='ocr_line' id='line_1_75' title="bbox 943 2259 1485 2304; baseline 0.011 -12"><span class='ocrx_word' id='word_1_289' title='bbox 943 2259 1077 2302; x_wconf 85' lang='lat' dir='ltr'>Corpus,</span> <span class='ocrx_word' id='word_1_290' title='bbox 1105 2271 1145 2295; x_wconf 79' lang='lat' dir='ltr'>ex</span> <span class='ocrx_word' id='word_1_291' title='bbox 1171 2273 1232 2304; x_wconf 89' lang='lat' dir='ltr'>quo</span> <span class='ocrx_word' id='word_1_292' title='bbox 1259 2267 1347 2297; x_wconf 86' lang='lat' dir='ltr'>sator</span> <span class='ocrx_word' id='word_1_293' title='bbox 1371 2266 1485 2298; x_wconf 87' lang='lat' dir='ltr'>mundi</span> 
     </span>
     <span class='ocr_line' id='line_1_76' title="bbox 992 2309 1364 2353; baseline 0.011 -12"><span class='ocrx_word' id='word_1_294' title='bbox 992 2309 1038 2342; x_wconf 91' lang='lat' dir='ltr'>Et</span> <span class='ocrx_word' id='word_1_295' title='bbox 1063 2311 1206 2344; x_wconf 86' lang='lat' dir='ltr'>salvator</span> <span class='ocrx_word' id='word_1_296' title='bbox 1230 2313 1364 2353; x_wconf 83' lang='lat' dir='ltr'>prodiit,</span> 
     </span>
    </p>

    <p class='ocr_par' dir='ltr' id='par_1_21' title="bbox 944 2357 1380 2403">
     <span class='ocr_line' id='line_1_77' title="bbox 944 2357 1380 2403; baseline 0.009 -14"><span class='ocrx_word' id='word_1_297' title='bbox 944 2357 1020 2390; x_wconf 85' lang='lat' dir='ltr'>Iure</span> <span class='ocrx_word' id='word_1_298' title='bbox 1045 2360 1150 2392; x_wconf 87' lang='lat' dir='ltr'>carnis</span> <span class='ocrx_word' id='word_1_299' title='bbox 1173 2361 1276 2392; x_wconf 87' lang='lat' dir='ltr'>vincit</span> <span class='ocrx_word' id='word_1_300' title='bbox 1298 2361 1380 2403; x_wconf 87' lang='lat' dir='ltr'>iura,</span> 
     </span>
    </p>

    <p class='ocr_par' dir='ltr' id='par_1_22' title="bbox 947 2406 1457 2491">
     <span class='ocr_line' id='line_1_78' title="bbox 947 2406 1457 2449; baseline 0.008 -11"><span class='ocrx_word' id='word_1_301' title='bbox 947 2406 1034 2446; x_wconf 88' lang='lat' dir='ltr'>Quae</span> <span class='ocrx_word' id='word_1_302' title='bbox 1058 2416 1121 2440; x_wconf 90' lang='lat' dir='ltr'>non</span> <span class='ocrx_word' id='word_1_303' title='bbox 1145 2418 1286 2449; x_wconf 87' lang='lat' dir='ltr'>unquam</span> <span class='ocrx_word' id='word_1_304' title='bbox 1310 2410 1457 2449; x_wconf 86' lang='lat' dir='ltr'>peritura</span> 
     </span>
     <span class='ocr_line' id='line_1_79' title="bbox 993 2455 1405 2491; baseline 0.005 -4"><span class='ocrx_word' id='word_1_305' title='bbox 993 2455 1136 2488; x_wconf 89' lang='lat' dir='ltr'>Verbum</span> <span class='ocrx_word' id='word_1_306' title='bbox 1164 2466 1261 2490; x_wconf 84' lang='lat' dir='ltr'>carne</span> <span class='ocrx_word' id='word_1_307' title='bbox 1284 2458 1405 2491; x_wconf 83' lang='lat' dir='ltr'>vestiit.</span> 
     </span>
    </p>
   </div>
  </div>
 </body>
</html>
