<?xml version="1.0" encoding="UTF-8"?>
<!DOCTYPE html PUBLIC "-//W3C//DTD XHTML 1.0 Transitional//EN"
    "http://www.w3.org/TR/xhtml1/DTD/xhtml1-transitional.dtd">
<html xmlns="http://www.w3.org/1999/xhtml" xml:lang="en" lang="en">
 <head>
  <title>
</title>
<meta http-equiv="Content-Type" content="text/html;charset=utf-8" />
  <meta name='ocr-system' content='tesseract 3.04.00' />
  <meta name='ocr-capabilities' content='ocr_page ocr_carea ocr_par ocr_line ocrx_word'/>
</head>
<body>
  <div class='ocr_page' id='page_1' title='image "./analectahymnica36drevuoft_00242.png"; bbox 0 0 1655 2726; ppageno 0'>
   <div class='ocr_carea' id='block_1_1' title="bbox 152 219 210 251">
    <p class='ocr_par' dir='ltr' id='par_1_1' title="bbox 152 219 210 251">
     <span class='ocr_line' id='line_1_1' title="bbox 152 219 210 251; baseline 0 0"><span class='ocrx_word' id='word_1_1' title='bbox 152 219 210 251; x_wconf 75' lang='lat'>29.</span> 
     </span>
    </p>
   </div>
   <div class='ocr_carea' id='block_1_2' title="bbox 154 578 210 612">
    <p class='ocr_par' dir='ltr' id='par_1_2' title="bbox 154 578 210 612">
     <span class='ocr_line' id='line_1_2' title="bbox 154 578 210 612; baseline -0.036 0"><span class='ocrx_word' id='word_1_2' title='bbox 154 578 210 612; x_wconf 88' lang='lat'>31.</span> 
     </span>
    </p>
   </div>
   <div class='ocr_carea' id='block_1_3' title="bbox 156 841 212 873">
    <p class='ocr_par' dir='ltr' id='par_1_3' title="bbox 156 841 212 873">
     <span class='ocr_line' id='line_1_3' title="bbox 156 841 212 873; baseline -0.018 0"><span class='ocrx_word' id='word_1_3' title='bbox 156 841 212 873; x_wconf 86' lang='lat'>32.</span> 
     </span>
    </p>
   </div>
   <div class='ocr_carea' id='block_1_4' title="bbox 149 1099 206 1132">
    <p class='ocr_par' dir='ltr' id='par_1_4' title="bbox 149 1099 206 1132">
     <span class='ocr_line' id='line_1_4' title="bbox 149 1099 206 1132; baseline -0.035 0"><span class='ocrx_word' id='word_1_4' title='bbox 149 1099 206 1132; x_wconf 85' lang='lat'>33.</span> 
     </span>
    </p>
   </div>
   <div class='ocr_carea' id='block_1_5' title="bbox 151 1360 207 1393">
    <p class='ocr_par' dir='ltr' id='par_1_5' title="bbox 151 1360 207 1393">
     <span class='ocr_line' id='line_1_5' title="bbox 151 1360 207 1393; baseline 0 0"><span class='ocrx_word' id='word_1_5' title='bbox 151 1360 207 1393; x_wconf 86' lang='lat'>34.</span> 
     </span>
    </p>
   </div>
   <div class='ocr_carea' id='block_1_6' title="bbox 154 1623 211 1655">
    <p class='ocr_par' dir='ltr' id='par_1_6' title="bbox 154 1623 211 1655">
     <span class='ocr_line' id='line_1_6' title="bbox 154 1623 211 1655; baseline 0 0"><span class='ocrx_word' id='word_1_6' title='bbox 154 1623 211 1655; x_wconf 79' lang='lat'>35,</span> 
     </span>
    </p>
   </div>
   <div class='ocr_carea' id='block_1_7' title="bbox 157 1991 215 2025">
    <p class='ocr_par' dir='ltr' id='par_1_7' title="bbox 157 1991 215 2025">
     <span class='ocr_line' id='line_1_7' title="bbox 157 1991 215 2025; baseline 0.017 -1"><span class='ocrx_word' id='word_1_7' title='bbox 157 1991 215 2025; x_wconf 88' lang='lat'>41.</span> 
     </span>
    </p>
   </div>
   <div class='ocr_carea' id='block_1_8' title="bbox 159 2256 218 2289">
    <p class='ocr_par' dir='ltr' id='par_1_8' title="bbox 159 2256 218 2289">
     <span class='ocr_line' id='line_1_8' title="bbox 159 2256 218 2289; baseline 0 0"><span class='ocrx_word' id='word_1_8' title='bbox 159 2256 218 2289; x_wconf 68' lang='lat'>42.</span> 
     </span>
    </p>
   </div>
   <div class='ocr_carea' id='block_1_9' title="bbox 677 125 938 161">
    <p class='ocr_par' dir='ltr' id='par_1_9' title="bbox 677 125 938 161">
     <span class='ocr_line' id='line_1_9' title="bbox 677 125 938 161; baseline -0.004 0"><span class='ocrx_word' id='word_1_9' title='bbox 677 125 938 161; x_wconf 79' lang='lat'>——239—</span> 
     </span>
    </p>
   </div>
   <div class='ocr_carea' id='block_1_10' title="bbox 238 219 777 455">
    <p class='ocr_par' dir='ltr' id='par_1_10' title="bbox 238 219 776 262">
     <span class='ocr_line' id='line_1_10' title="bbox 238 219 776 262; baseline 0.007 -11"><span class='ocrx_word' id='word_1_10' title='bbox 238 219 345 259; x_wconf 72' lang='lat' dir='ltr'>Salve,</span> <span class='ocrx_word' id='word_1_11' title='bbox 369 228 452 261; x_wconf 83' lang='lat' dir='ltr'>quae</span> <span class='ocrx_word' id='word_1_12' title='bbox 477 223 623 253; x_wconf 83' lang='lat' dir='ltr'>catervas</span> <span class='ocrx_word' id='word_1_13' title='bbox 647 225 776 262; x_wconf 84' lang='lat' dir='ltr'>gentum</span> 
     </span>
    </p>

    <p class='ocr_par' dir='ltr' id='par_1_11' title="bbox 239 267 659 313">
     <span class='ocr_line' id='line_1_11' title="bbox 239 267 659 313; baseline 0.005 -13"><span class='ocrx_word' id='word_1_14' title='bbox 239 267 417 301; x_wconf 83' lang='lat' dir='ltr'>Illustrasti</span> <span class='ocrx_word' id='word_1_15' title='bbox 445 267 659 313; x_wconf 86' lang='lat' dir='ltr'>diffidentum,</span> 
     </span>
    </p>

    <p class='ocr_par' dir='ltr' id='par_1_12' title="bbox 238 315 718 359">
     <span class='ocr_line' id='line_1_12' title="bbox 238 315 718 359; baseline 0.008 -12"><span class='ocrx_word' id='word_1_16' title='bbox 238 315 289 348; x_wconf 90' lang='lat' dir='ltr'>Tu</span> <span class='ocrx_word' id='word_1_17' title='bbox 313 317 461 349; x_wconf 83' lang='lat' dir='ltr'>aureolas</span> <span class='ocrx_word' id='word_1_18' title='bbox 487 317 554 350; x_wconf 85' lang='lat' dir='ltr'>fers</span> <span class='ocrx_word' id='word_1_19' title='bbox 581 322 718 359; x_wconf 81' lang='lat' dir='ltr'>centum,</span> 
     </span>
    </p>

    <p class='ocr_par' dir='ltr' id='par_1_13' title="bbox 239 364 777 455">
     <span class='ocr_line' id='line_1_13' title="bbox 239 364 777 408; baseline 0.009 -13"><span class='ocrx_word' id='word_1_20' title='bbox 239 364 327 405; x_wconf 75' lang='lat' dir='ltr'>Quas</span> <span class='ocrx_word' id='word_1_21' title='bbox 351 365 413 397; x_wconf 79' lang='lat' dir='ltr'>tibi</span> <span class='ocrx_word' id='word_1_22' title='bbox 438 366 496 399; x_wconf 85' lang='lat' dir='ltr'>dat</span> <span class='ocrx_word' id='word_1_23' title='bbox 518 376 577 400; x_wconf 80' lang='lat' dir='ltr'>rex</span> <span class='ocrx_word' id='word_1_24' title='bbox 600 371 777 408; x_wconf 84' lang='lat' dir='ltr'>regentum,</span> 
     </span>
     <span class='ocr_line' id='line_1_14' title="bbox 288 412 649 455; baseline 0.008 -10"><span class='ocrx_word' id='word_1_25' title='bbox 288 412 431 454; x_wconf 87' lang='lat' dir='ltr'>Sponsus</span> <span class='ocrx_word' id='word_1_26' title='bbox 457 414 649 455; x_wconf 81' lang='lat' dir='ltr'><strong>puellarum.</strong></span> 
     </span>
    </p>
   </div>
   <div class='ocr_carea' id='block_1_11' title="bbox 778 512 836 546">
    <p class='ocr_par' dir='ltr' id='par_1_14' title="bbox 778 512 836 546">
     <span class='ocr_line' id='line_1_15' title="bbox 778 512 836 546; baseline 0 0"><span class='ocrx_word' id='word_1_27' title='bbox 778 512 836 546; x_wconf 82' lang='lat' dir='ltr'>IV.</span> 
     </span>
    </p>
   </div>
   <div class='ocr_carea' id='block_1_12' title="bbox 236 578 773 812">
    <p class='ocr_par' dir='ltr' id='par_1_15' title="bbox 238 578 735 622">
     <span class='ocr_line' id='line_1_16' title="bbox 238 578 735 622; baseline 0.004 -12"><span class='ocrx_word' id='word_1_28' title='bbox 238 578 346 618; x_wconf 87' lang='lat' dir='ltr'>Salve,</span> <span class='ocrx_word' id='word_1_29' title='bbox 372 580 540 619; x_wconf 88' lang='lat' dir='ltr'>speculum</span> <span class='ocrx_word' id='word_1_30' title='bbox 564 588 582 611; x_wconf 95' lang='grc' dir='ltr'>ο</span> <span class='ocrx_word' id='word_1_31' title='bbox 607 589 735 622; x_wconf 88' lang='lat' dir='ltr'>purum,</span> 
     </span>
    </p>

    <p class='ocr_par' dir='ltr' id='par_1_16' title="bbox 237 627 773 669">
     <span class='ocr_line' id='line_1_17' title="bbox 237 627 773 669; baseline 0.004 -11"><span class='ocrx_word' id='word_1_32' title='bbox 237 627 302 659; x_wconf 88' lang='lat' dir='ltr'>Per</span> <span class='ocrx_word' id='word_1_33' title='bbox 327 630 359 659; x_wconf 90' lang='lat' dir='ltr'>te</span> <span class='ocrx_word' id='word_1_34' title='bbox 380 627 468 659; x_wconf 90' lang='lat' dir='ltr'>Deus</span> <span class='ocrx_word' id='word_1_35' title='bbox 494 628 614 660; x_wconf 83' lang='lat' dir='ltr'>struxit</span> <span class='ocrx_word' id='word_1_36' title='bbox 637 637 773 669; x_wconf 90' lang='lat' dir='ltr'>murum,</span> 
     </span>
    </p>

    <p class='ocr_par' dir='ltr' id='par_1_17' title="bbox 236 673 705 716">
     <span class='ocr_line' id='line_1_18' title="bbox 236 673 705 716; baseline 0.004 -10"><span class='ocrx_word' id='word_1_37' title='bbox 236 674 350 707; x_wconf 81' lang='lat' dir='ltr'>Hostis</span> <span class='ocrx_word' id='word_1_38' title='bbox 377 679 413 707; x_wconf 86' lang='lat' dir='ltr'>ut</span> <span class='ocrx_word' id='word_1_39' title='bbox 436 673 565 716; x_wconf 81' lang='lat' dir='ltr'>fugaret</span> <span class='ocrx_word' id='word_1_40' title='bbox 591 676 705 708; x_wconf 88' lang='lat' dir='ltr'>durum</span> 
     </span>
    </p>

    <p class='ocr_par' dir='ltr' id='par_1_18' title="bbox 237 722 704 812">
     <span class='ocr_line' id='line_1_19' title="bbox 237 722 704 765; baseline -0.002 -9"><span class='ocrx_word' id='word_1_41' title='bbox 237 723 356 763; x_wconf 84' lang='lat' dir='ltr'>Genus,</span> <span class='ocrx_word' id='word_1_42' title='bbox 383 723 561 756; x_wconf 88' lang='lat' dir='ltr'>animarum</span> <span class='ocrx_word' id='word_1_43' title='bbox 586 722 704 765; x_wconf 84' lang='lat' dir='ltr'>furum,</span> 
     </span>
     <span class='ocr_line' id='line_1_20' title="bbox 285 770 652 812; baseline 0.003 -9"><span class='ocrx_word' id='word_1_44' title='bbox 285 771 370 811; x_wconf 80' lang='lat' dir='ltr'>Quas</span> <span class='ocrx_word' id='word_1_45' title='bbox 394 772 465 812; x_wconf 88' lang='lat' dir='ltr'>ipse</span> <span class='ocrx_word' id='word_1_46' title='bbox 489 770 652 805; x_wconf 85' lang='lat' dir='ltr'>formavit.</span> 
     </span>
    </p>
   </div>
   <div class='ocr_carea' id='block_1_13' title="bbox 232 839 666 1070">
    <p class='ocr_par' dir='ltr' id='par_1_19' title="bbox 232 839 666 1070">
     <span class='ocr_line' id='line_1_21' title="bbox 240 839 666 882; baseline 0.002 -10"><span class='ocrx_word' id='word_1_47' title='bbox 240 839 347 882; x_wconf 84' lang='lat' dir='ltr'>Salve,</span> <span class='ocrx_word' id='word_1_48' title='bbox 374 842 486 872; x_wconf 85' lang='lat' dir='ltr'>nostra</span> <span class='ocrx_word' id='word_1_49' title='bbox 511 849 529 872; x_wconf 96' lang='lat' dir='ltr'>o</span> <span class='ocrx_word' id='word_1_50' title='bbox 555 842 666 879; x_wconf 85' lang='lat' dir='ltr'>tutela,</span> 
     </span>
     <span class='ocr_line' id='line_1_22' title="bbox 236 886 630 931; baseline 0 -12"><span class='ocrx_word' id='word_1_51' title='bbox 236 886 339 919; x_wconf 80' lang='lat' dir='ltr'>Nefas</span> <span class='ocrx_word' id='word_1_52' title='bbox 364 888 398 919; x_wconf 80' lang='lat' dir='ltr'>in</span> <span class='ocrx_word' id='word_1_53' title='bbox 423 896 526 928; x_wconf 79' lang='lat' dir='ltr'>agone</span> <span class='ocrx_word' id='word_1_54' title='bbox 550 888 630 931; x_wconf 81' lang='lat' dir='ltr'>cela,</span> 
     </span>
     <span class='ocr_line' id='line_1_23' title="bbox 232 935 636 968; baseline 0 0"><span class='ocrx_word' id='word_1_55' title='bbox 232 935 374 968; x_wconf 86' lang='lat' dir='ltr'>Remove</span> <span class='ocrx_word' id='word_1_56' title='bbox 400 935 538 967; x_wconf 86' lang='lat' dir='ltr'>obscura</span> <span class='ocrx_word' id='word_1_57' title='bbox 563 936 636 968; x_wconf 90' lang='lat' dir='ltr'>vela</span> 
     </span>
     <span class='ocr_line' id='line_1_24' title="bbox 233 983 650 1024; baseline 0.005 -10"><span class='ocrx_word' id='word_1_58' title='bbox 233 983 330 1015; x_wconf 87' lang='lat' dir='ltr'>Illum</span> <span class='ocrx_word' id='word_1_59' title='bbox 355 983 448 1015; x_wconf 90' lang='lat' dir='ltr'>nobis</span> <span class='ocrx_word' id='word_1_60' title='bbox 475 986 508 1015; x_wconf 90' lang='lat' dir='ltr'>et</span> <span class='ocrx_word' id='word_1_61' title='bbox 532 983 650 1024; x_wconf 80' lang='lat' dir='ltr'>revela,</span> 
     </span>
     <span class='ocr_line' id='line_1_25' title="bbox 281 1030 618 1070; baseline 0.003 -8"><span class='ocrx_word' id='word_1_62' title='bbox 281 1031 341 1070; x_wconf 78' lang='lat' dir='ltr'>Qui</span> <span class='ocrx_word' id='word_1_63' title='bbox 368 1034 414 1061; x_wconf 86' lang='lat' dir='ltr'>te.</span> <span class='ocrx_word' id='word_1_64' title='bbox 426 1030 473 1062; x_wconf 89' lang='lat' dir='ltr'>sic</span> <span class='ocrx_word' id='word_1_65' title='bbox 499 1030 618 1063; x_wconf 77' lang='lat' dir='ltr'>beavit.</span> 
     </span>
    </p>
   </div>
   <div class='ocr_carea' id='block_1_14' title="bbox 231 1095 770 1325">
    <p class='ocr_par' dir='ltr' id='par_1_20' title="bbox 234 1095 770 1140">
     <span class='ocr_line' id='line_1_26' title="bbox 234 1095 770 1140; baseline 0 -10"><span class='ocrx_word' id='word_1_66' title='bbox 234 1097 341 1140; x_wconf 85' lang='lat' dir='ltr'>Salve,</span> <span class='ocrx_word' id='word_1_67' title='bbox 369 1097 468 1130; x_wconf 90' lang='lat' dir='ltr'>rubus</span> <span class='ocrx_word' id='word_1_68' title='bbox 494 1095 661 1130; x_wconf 82' lang='lat' dir='ltr'>flammans</span> <span class='ocrx_word' id='word_1_69' title='bbox 679 1100 770 1140; x_wconf 90' lang='lat' dir='ltr'>mire,</span> 
     </span>
    </p>

    <p class='ocr_par' dir='ltr' id='par_1_21' title="bbox 233 1145 636 1189">
     <span class='ocr_line' id='line_1_27' title="bbox 233 1145 636 1189; baseline -0.002 -11"><span class='ocrx_word' id='word_1_70' title='bbox 233 1146 280 1178; x_wconf 88' lang='lat' dir='ltr'>Te</span> <span class='ocrx_word' id='word_1_71' title='bbox 307 1145 426 1178; x_wconf 85' lang='lat' dir='ltr'>colenti</span> <span class='ocrx_word' id='word_1_72' title='bbox 450 1148 483 1177; x_wconf 84' lang='lat' dir='ltr'>te</span> <span class='ocrx_word' id='word_1_73' title='bbox 507 1145 636 1189; x_wconf 85' lang='lat' dir='ltr'>largire,</span> 
     </span>
    </p>

    <p class='ocr_par' dir='ltr' id='par_1_22' title="bbox 232 1193 630 1234">
     <span class='ocr_line' id='line_1_28' title="bbox 232 1193 630 1234; baseline -0.003 -8"><span class='ocrx_word' id='word_1_74' title='bbox 232 1194 328 1226; x_wconf 75' lang='lat' dir='ltr'>mum</span> <span class='ocrx_word' id='word_1_75' title='bbox 354 1194 449 1234; x_wconf 84' lang='lat' dir='ltr'>placa</span> <span class='ocrx_word' id='word_1_76' title='bbox 475 1193 528 1226; x_wconf 82' lang='lat' dir='ltr'>die</span> <span class='ocrx_word' id='word_1_77' title='bbox 550 1194 630 1234; x_wconf 85' lang='lat' dir='ltr'>irae,</span> 
     </span>
    </p>

    <p class='ocr_par' dir='ltr' id='par_1_23' title="bbox 231 1241 767 1325">
     <span class='ocr_line' id='line_1_29' title="bbox 231 1241 767 1286; baseline -0.002 -11"><span class='ocrx_word' id='word_1_78' title='bbox 231 1243 268 1275; x_wconf 91' lang='lat' dir='ltr'>In</span> <span class='ocrx_word' id='word_1_79' title='bbox 295 1252 357 1283; x_wconf 88' lang='lat' dir='ltr'>quo</span> <span class='ocrx_word' id='word_1_80' title='bbox 379 1241 452 1275; x_wconf 82' lang='lat' dir='ltr'>fons</span> <span class='ocrx_word' id='word_1_81' title='bbox 479 1245 529 1275; x_wconf 76' lang='lat' dir='ltr'>est</span> <span class='ocrx_word' id='word_1_82' title='bbox 553 1243 656 1275; x_wconf 82' lang='lat' dir='ltr'>omnis</span> <span class='ocrx_word' id='word_1_83' title='bbox 673 1243 767 1286; x_wconf 86' lang='lat' dir='ltr'>scire,</span> 
     </span>
     <span class='ocr_line' id='line_1_30' title="bbox 281 1291 646 1325; baseline 0.003 -2"><span class='ocrx_word' id='word_1_84' title='bbox 281 1292 375 1324; x_wconf 82' lang='lat' dir='ltr'>Vitae</span> <span class='ocrx_word' id='word_1_85' title='bbox 402 1291 459 1324; x_wconf 88' lang='lat' dir='ltr'>dos</span> <span class='ocrx_word' id='word_1_86' title='bbox 485 1293 646 1325; x_wconf 74' lang='lat' dir='ltr'>aeternae.</span> 
     </span>
    </p>
   </div>
   <div class='ocr_carea' id='block_1_15' title="bbox 234 1357 743 1585">
    <p class='ocr_par' dir='ltr' id='par_1_24' title="bbox 234 1357 743 1585">
     <span class='ocr_line' id='line_1_31' title="bbox 236 1357 710 1400; baseline -0.002 -9"><span class='ocrx_word' id='word_1_87' title='bbox 236 1359 342 1399; x_wconf 83' lang='lat' dir='ltr'>Salve,</span> <span class='ocrx_word' id='word_1_88' title='bbox 368 1368 386 1391; x_wconf 94' lang='lat' dir='ltr'>o</span> <span class='ocrx_word' id='word_1_89' title='bbox 411 1360 568 1391; x_wconf 84' lang='lat' dir='ltr'>iustorum</span> <span class='ocrx_word' id='word_1_90' title='bbox 594 1357 710 1400; x_wconf 79' lang='lat' dir='ltr'>forum,</span> 
     </span>
     <span class='ocr_line' id='line_1_32' title="bbox 234 1406 731 1449; baseline -0.002 -9"><span class='ocrx_word' id='word_1_91' title='bbox 234 1407 355 1440; x_wconf 83' lang='lat' dir='ltr'>Cohors</span> <span class='ocrx_word' id='word_1_92' title='bbox 381 1406 465 1449; x_wconf 82' lang='lat' dir='ltr'>fugit</span> <span class='ocrx_word' id='word_1_93' title='bbox 489 1412 521 1439; x_wconf 87' lang='lat' dir='ltr'>te</span> <span class='ocrx_word' id='word_1_94' title='bbox 547 1408 731 1447; x_wconf 88' lang='lat' dir='ltr'>stultorum,</span> 
     </span>
     <span class='ocr_line' id='line_1_33' title="bbox 235 1455 743 1497; baseline 0 -9"><span class='ocrx_word' id='word_1_95' title='bbox 235 1455 402 1488; x_wconf 81' lang='lat' dir='ltr'>Ardentes</span> <span class='ocrx_word' id='word_1_96' title='bbox 427 1455 460 1487; x_wconf 92' lang='lat' dir='ltr'>in</span> <span class='ocrx_word' id='word_1_97' title='bbox 488 1456 585 1488; x_wconf 86' lang='lat' dir='ltr'>caelis</span> <span class='ocrx_word' id='word_1_98' title='bbox 611 1464 743 1497; x_wconf 88' lang='lat' dir='ltr'>quorum</span> 
     </span>
     <span class='ocr_line' id='line_1_34' title="bbox 235 1504 676 1544; baseline -0.002 -7"><span class='ocrx_word' id='word_1_99' title='bbox 235 1504 326 1537; x_wconf 79' lang='lat' dir='ltr'>Inter</span> <span class='ocrx_word' id='word_1_100' title='bbox 352 1504 465 1536; x_wconf 89' lang='lat' dir='ltr'>choros</span> <span class='ocrx_word' id='word_1_101' title='bbox 490 1505 676 1544; x_wconf 83' lang='lat' dir='ltr'>angelorum</span> 
     </span>
     <span class='ocr_line' id='line_1_35' title="bbox 285 1552 663 1585; baseline 0.003 -1"><span class='ocrx_word' id='word_1_102' title='bbox 285 1552 358 1584; x_wconf 86' lang='lat' dir='ltr'>Non</span> <span class='ocrx_word' id='word_1_103' title='bbox 384 1555 479 1584; x_wconf 88' lang='lat' dir='ltr'>erunt</span> <span class='ocrx_word' id='word_1_104' title='bbox 502 1552 663 1585; x_wconf 88' lang='lat' dir='ltr'>lucernae.</span> 
     </span>
    </p>
   </div>
   <div class='ocr_carea' id='block_1_16' title="bbox 238 1620 669 1847">
    <p class='ocr_par' dir='ltr' id='par_1_25' title="bbox 238 1620 669 1847">
     <span class='ocr_line' id='line_1_36' title="bbox 239 1620 661 1663; baseline 0 -11"><span class='ocrx_word' id='word_1_105' title='bbox 239 1620 346 1662; x_wconf 85' lang='lat' dir='ltr'>Salve,</span> <span class='ocrx_word' id='word_1_106' title='bbox 369 1620 508 1652; x_wconf 82' lang='lat' dir='ltr'>altitudo</span> <span class='ocrx_word' id='word_1_107' title='bbox 533 1621 661 1663; x_wconf 87' lang='lat' dir='ltr'>montis,</span> 
     </span>
     <span class='ocr_line' id='line_1_37' title="bbox 240 1667 669 1710; baseline -0.002 -9"><span class='ocrx_word' id='word_1_108' title='bbox 240 1668 345 1710; x_wconf 86' lang='lat' dir='ltr'>Salve,</span> <span class='ocrx_word' id='word_1_109' title='bbox 374 1667 534 1701; x_wconf 86' lang='lat' dir='ltr'>claritudo</span> <span class='ocrx_word' id='word_1_110' title='bbox 561 1667 669 1709; x_wconf 73' lang='lat' dir='ltr'>fontis,</span> 
     </span>
     <span class='ocr_line' id='line_1_38' title="bbox 238 1717 648 1759; baseline 0.002 -11"><span class='ocrx_word' id='word_1_111' title='bbox 238 1717 324 1749; x_wconf 77' lang='lat' dir='ltr'>Vere</span> <span class='ocrx_word' id='word_1_112' title='bbox 349 1717 416 1750; x_wconf 86' lang='lat' dir='ltr'>vita</span> <span class='ocrx_word' id='word_1_113' title='bbox 441 1725 476 1748; x_wconf 84' lang='lat' dir='ltr'>es</span> <span class='ocrx_word' id='word_1_114' title='bbox 499 1717 648 1759; x_wconf 82' lang='lat' dir='ltr'>insontis,</span> 
     </span>
     <span class='ocr_line' id='line_1_39' title="bbox 239 1765 665 1805; baseline 0.002 -8"><span class='ocrx_word' id='word_1_115' title='bbox 239 1765 412 1798; x_wconf 85' lang='lat' dir='ltr'>Fortitudo</span> <span class='ocrx_word' id='word_1_116' title='bbox 438 1768 473 1797; x_wconf 91' lang='lat' dir='ltr'>tu</span> <span class='ocrx_word' id='word_1_117' title='bbox 499 1773 533 1797; x_wconf 88' lang='lat' dir='ltr'>es</span> <span class='ocrx_word' id='word_1_118' title='bbox 557 1766 665 1805; x_wconf 85' lang='lat' dir='ltr'>pontis</span> 
     </span>
     <span class='ocr_line' id='line_1_40' title="bbox 288 1814 604 1847; baseline -0.003 0"><span class='ocrx_word' id='word_1_119' title='bbox 288 1814 382 1847; x_wconf 86' lang='lat' dir='ltr'>Mare</span> <span class='ocrx_word' id='word_1_120' title='bbox 406 1814 604 1847; x_wconf 84' lang='lat' dir='ltr'>transientis.</span> 
     </span>
    </p>
   </div>
   <div class='ocr_carea' id='block_1_17' title="bbox 241 1987 782 2218">
    <p class='ocr_par' dir='ltr' id='par_1_26' title="bbox 242 1987 766 2034">
     <span class='ocr_line' id='line_1_41' title="bbox 242 1987 766 2034; baseline -0.004 -12"><span class='ocrx_word' id='word_1_121' title='bbox 242 1989 348 2034; x_wconf 83' lang='lat' dir='ltr'>Salve,</span> <span class='ocrx_word' id='word_1_122' title='bbox 376 1990 490 2022; x_wconf 87' lang='lat' dir='ltr'>summi</span> <span class='ocrx_word' id='word_1_123' title='bbox 517 1987 624 2022; x_wconf 86' lang='lat' dir='ltr'>favum</span> <span class='ocrx_word' id='word_1_124' title='bbox 652 1989 766 2032; x_wconf 87' lang='lat' dir='ltr'>mellis,</span> 
     </span>
    </p>

    <p class='ocr_par' dir='ltr' id='par_1_27' title="bbox 245 2037 688 2078">
     <span class='ocr_line' id='line_1_42' title="bbox 245 2037 688 2078; baseline -0.007 -6"><span class='ocrx_word' id='word_1_125' title='bbox 245 2039 351 2073; x_wconf 82' lang='lat' dir='ltr'>Castis</span> <span class='ocrx_word' id='word_1_126' title='bbox 375 2038 559 2071; x_wconf 85' lang='lat' dir='ltr'>immoraris</span> <span class='ocrx_word' id='word_1_127' title='bbox 586 2037 688 2078; x_wconf 87' lang='lat' dir='ltr'>cellis,</span> 
     </span>
    </p>

    <p class='ocr_par' dir='ltr' id='par_1_28' title="bbox 243 2086 686 2128">
     <span class='ocr_line' id='line_1_43' title="bbox 243 2086 686 2128; baseline -0.005 -7"><span class='ocrx_word' id='word_1_128' title='bbox 243 2088 345 2121; x_wconf 86' lang='lat' dir='ltr'>Omne</span> <span class='ocrx_word' id='word_1_129' title='bbox 367 2096 467 2128; x_wconf 83' lang='lat' dir='ltr'>genus</span> <span class='ocrx_word' id='word_1_130' title='bbox 492 2090 528 2119; x_wconf 84' lang='lat' dir='ltr'>tu</span> <span class='ocrx_word' id='word_1_131' title='bbox 552 2086 686 2120; x_wconf 79' lang='lat' dir='ltr'>excellis</span> 
     </span>
    </p>

    <p class='ocr_par' dir='ltr' id='par_1_29' title="bbox 241 2134 782 2218">
     <span class='ocr_line' id='line_1_44' title="bbox 241 2134 782 2180; baseline -0.002 -12"><span class='ocrx_word' id='word_1_132' title='bbox 241 2136 297 2180; x_wconf 81' lang='lat' dir='ltr'>Et⁷</span> <span class='ocrx_word' id='word_1_133' title='bbox 322 2136 409 2177; x_wconf 88' lang='lat' dir='ltr'>quod</span> <span class='ocrx_word' id='word_1_134' title='bbox 434 2136 556 2176; x_wconf 83' lang='lat' dir='ltr'>sordet,</span> <span class='ocrx_word' id='word_1_135' title='bbox 583 2139 618 2168; x_wconf 85' lang='lat' dir='ltr'>tu</span> <span class='ocrx_word' id='word_1_136' title='bbox 645 2134 782 2175; x_wconf 88' lang='lat' dir='ltr'>depellis</span> 
     </span>
     <span class='ocr_line' id='line_1_45' title="bbox 289 2185 611 2218; baseline -0.003 -1"><span class='ocrx_word' id='word_1_137' title='bbox 289 2185 359 2217; x_wconf 81' lang='lat' dir='ltr'>Tua</span> <span class='ocrx_word' id='word_1_138' title='bbox 385 2193 455 2217; x_wconf 86' lang='lat' dir='ltr'>cum</span> <span class='ocrx_word' id='word_1_139' title='bbox 482 2185 611 2218; x_wconf 84' lang='lat' dir='ltr'>virtute.</span> 
     </span>
    </p>
   </div>
   <div class='ocr_carea' id='block_1_18' title="bbox 240 2253 748 2483">
    <p class='ocr_par' dir='ltr' id='par_1_30' title="bbox 240 2253 748 2442">
     <span class='ocr_line' id='line_1_46' title="bbox 244 2253 606 2295; baseline -0.003 -8"><span class='ocrx_word' id='word_1_140' title='bbox 244 2253 352 2295; x_wconf 84' lang='lat' dir='ltr'>Salve,</span> <span class='ocrx_word' id='word_1_141' title='bbox 379 2254 509 2295; x_wconf 83' lang='lat' dir='ltr'>galaxia</span> <span class='ocrx_word' id='word_1_142' title='bbox 533 2253 606 2295; x_wconf 88' lang='lat' dir='ltr'>Dei,</span> 
     </span>
     <span class='ocr_line' id='line_1_47' title="bbox 240 2302 635 2346; baseline -0.008 -10"><span class='ocrx_word' id='word_1_143' title='bbox 240 2303 408 2344; x_wconf 84' lang='lat' dir='ltr'>Miserere,</span> <span class='ocrx_word' id='word_1_144' title='bbox 435 2303 535 2346; x_wconf 82' lang='lat' dir='ltr'>virgo,</span> <span class='ocrx_word' id='word_1_145' title='bbox 561 2302 635 2345; x_wconf 76' lang='lat' dir='ltr'>mei,</span> 
     </span>
     <span class='ocr_line' id='line_1_48' title="bbox 242 2350 748 2391; baseline -0.006 -7"><span class='ocrx_word' id='word_1_146' title='bbox 242 2352 291 2384; x_wconf 89' lang='lat' dir='ltr'>Tu</span> <span class='ocrx_word' id='word_1_147' title='bbox 319 2352 361 2384; x_wconf 93' lang='lat' dir='ltr'>da</span> <span class='ocrx_word' id='word_1_148' title='bbox 386 2360 513 2384; x_wconf 87' lang='lat' dir='ltr'>sursum</span> <span class='ocrx_word' id='word_1_149' title='bbox 540 2351 640 2383; x_wconf 87' lang='lat' dir='ltr'>corda</span> <span class='ocrx_word' id='word_1_150' title='bbox 664 2350 748 2391; x_wconf 84' lang='lat' dir='ltr'>vehi,</span> 
     </span>
     <span class='ocr_line' id='line_1_49' title="bbox 242 2400 641 2442; baseline -0.005 -9"><span class='ocrx_word' id='word_1_151' title='bbox 242 2400 375 2433; x_wconf 85' lang='lat' dir='ltr'>Possint</span> <span class='ocrx_word' id='word_1_152' title='bbox 395 2404 432 2433; x_wconf 86' lang='lat' dir='ltr'>ut</span> <span class='ocrx_word' id='word_1_153' title='bbox 454 2400 541 2433; x_wconf 86' lang='lat' dir='ltr'>uniri</span> <span class='ocrx_word' id='word_1_154' title='bbox 565 2400 641 2442; x_wconf 85' lang='lat' dir='ltr'>legi,</span> 
     </span>
    </p>

    <p class='ocr_par' dir='ltr' id='par_1_31' title="bbox 293 2449 622 2483">
     <span class='ocr_line' id='line_1_50' title="bbox 293 2449 622 2483; baseline -0.009 0"><span class='ocrx_word' id='word_1_155' title='bbox 293 2449 348 2483; x_wconf 87' lang='lat' dir='ltr'>Sic</span> <span class='ocrx_word' id='word_1_156' title='bbox 373 2450 517 2483; x_wconf 88' lang='lat' dir='ltr'>vivamus</span> <span class='ocrx_word' id='word_1_157' title='bbox 542 2451 622 2481; x_wconf 89' lang='lat' dir='ltr'>tute.</span> 
     </span>
    </p>
   </div>
   <div class='ocr_carea' id='block_1_19' title="bbox 850 224 907 257">
    <p class='ocr_par' dir='ltr' id='par_1_32' title="bbox 850 224 907 257">
     <span class='ocr_line' id='line_1_51' title="bbox 850 224 907 257; baseline -0.018 0"><span class='ocrx_word' id='word_1_158' title='bbox 850 224 907 257; x_wconf 82' lang='lat'>30.</span> 
     </span>
    </p>
   </div>
   <div class='ocr_carea' id='block_1_20' title="bbox 851 582 909 615">
    <p class='ocr_par' dir='ltr' id='par_1_33' title="bbox 851 582 909 615">
     <span class='ocr_line' id='line_1_52' title="bbox 851 582 909 615; baseline -0.034 0"><span class='ocrx_word' id='word_1_159' title='bbox 851 582 909 615; x_wconf 84' lang='lat'>36.</span> 
     </span>
    </p>
   </div>
   <div class='ocr_carea' id='block_1_21' title="bbox 851 842 906 874">
    <p class='ocr_par' dir='ltr' id='par_1_34' title="bbox 851 842 906 874">
     <span class='ocr_line' id='line_1_53' title="bbox 851 842 906 874; baseline 0 0"><span class='ocrx_word' id='word_1_160' title='bbox 851 842 906 874; x_wconf 84' lang='lat'>37.</span> 
     </span>
    </p>
   </div>
   <div class='ocr_carea' id='block_1_22' title="bbox 847 1098 902 1132">
    <p class='ocr_par' dir='ltr' id='par_1_35' title="bbox 847 1098 902 1132">
     <span class='ocr_line' id='line_1_54' title="bbox 847 1098 902 1132; baseline -0.036 0"><span class='ocrx_word' id='word_1_161' title='bbox 847 1098 902 1132; x_wconf 83' lang='lat'>38.</span> 
     </span>
    </p>
   </div>
   <div class='ocr_carea' id='block_1_23' title="bbox 848 1358 902 1393">
    <p class='ocr_par' dir='ltr' id='par_1_36' title="bbox 848 1358 902 1393">
     <span class='ocr_line' id='line_1_55' title="bbox 848 1358 902 1393; baseline -0.037 0"><span class='ocrx_word' id='word_1_162' title='bbox 848 1358 902 1393; x_wconf 84' lang='lat'>39.</span> 
     </span>
    </p>
   </div>
   <div class='ocr_carea' id='block_1_24' title="bbox 849 1621 906 1654">
    <p class='ocr_par' dir='ltr' id='par_1_37' title="bbox 849 1621 906 1654">
     <span class='ocr_line' id='line_1_56' title="bbox 849 1621 906 1654; baseline -0.035 0"><span class='ocrx_word' id='word_1_163' title='bbox 849 1621 906 1654; x_wconf 83' lang='lat'>40.</span> 
     </span>
    </p>
   </div>
   <div class='ocr_carea' id='block_1_25' title="bbox 853 1990 910 2023">
    <p class='ocr_par' dir='ltr' id='par_1_38' title="bbox 853 1990 910 2023">
     <span class='ocr_line' id='line_1_57' title="bbox 853 1990 910 2023; baseline -0.018 0"><span class='ocrx_word' id='word_1_164' title='bbox 853 1990 910 2023; x_wconf 85' lang='lat'>43.</span> 
     </span>
    </p>
   </div>
   <div class='ocr_carea' id='block_1_26' title="bbox 854 2253 911 2285">
    <p class='ocr_par' dir='ltr' id='par_1_39' title="bbox 854 2253 911 2285">
     <span class='ocr_line' id='line_1_58' title="bbox 854 2253 911 2285; baseline -0.035 0"><span class='ocrx_word' id='word_1_165' title='bbox 854 2253 911 2285; x_wconf 81' lang='lat'>44.</span> 
     </span>
    </p>
   </div>
   <div class='ocr_carea' id='block_1_27' title="bbox 931 222 1395 457">
    <p class='ocr_par' dir='ltr' id='par_1_40' title="bbox 934 222 1341 266">
     <span class='ocr_line' id='line_1_59' title="bbox 934 222 1341 266; baseline -0.005 -10"><span class='ocrx_word' id='word_1_166' title='bbox 934 223 1039 266; x_wconf 86' lang='lat' dir='ltr'>Salve,</span> <span class='ocrx_word' id='word_1_167' title='bbox 1065 223 1156 264; x_wconf 88' lang='lat' dir='ltr'>virgo</span> <span class='ocrx_word' id='word_1_168' title='bbox 1182 231 1200 254; x_wconf 94' lang='lat' dir='ltr'>o</span> <span class='ocrx_word' id='word_1_169' title='bbox 1225 222 1341 266; x_wconf 78' lang='lat' dir='ltr'>Maria,</span> 
     </span>
    </p>

    <p class='ocr_par' dir='ltr' id='par_1_41' title="bbox 931 270 1296 312">
     <span class='ocr_line' id='line_1_60' title="bbox 931 270 1296 312; baseline -0.008 -7"><span class='ocrx_word' id='word_1_170' title='bbox 931 271 1039 312; x_wconf 83' lang='lat' dir='ltr'>Salve,</span> <span class='ocrx_word' id='word_1_171' title='bbox 1064 270 1210 312; x_wconf 85' lang='lat' dir='ltr'>paradisi</span> <span class='ocrx_word' id='word_1_172' title='bbox 1234 271 1296 312; x_wconf 86' lang='lat' dir='ltr'>via,</span> 
     </span>
    </p>

    <p class='ocr_par' dir='ltr' id='par_1_42' title="bbox 933 319 1389 360">
     <span class='ocr_line' id='line_1_61' title="bbox 933 319 1389 360; baseline -0.004 -8"><span class='ocrx_word' id='word_1_173' title='bbox 933 320 982 352; x_wconf 86' lang='lat' dir='ltr'>Tu</span> <span class='ocrx_word' id='word_1_174' title='bbox 1008 328 1041 352; x_wconf 87' lang='lat' dir='ltr'>es</span> <span class='ocrx_word' id='word_1_175' title='bbox 1066 328 1165 359; x_wconf 86' lang='lat' dir='ltr'>super</span> <span class='ocrx_word' id='word_1_176' title='bbox 1189 328 1297 351; x_wconf 88' lang='lat' dir='ltr'>omnes</span> <span class='ocrx_word' id='word_1_177' title='bbox 1325 319 1389 360; x_wconf 88' lang='lat' dir='ltr'>dia,</span> 
     </span>
    </p>

    <p class='ocr_par' dir='ltr' id='par_1_43' title="bbox 933 366 1395 457">
     <span class='ocr_line' id='line_1_62' title="bbox 933 366 1395 409; baseline -0.002 -9"><span class='ocrx_word' id='word_1_178' title='bbox 933 368 984 400; x_wconf 79' lang='lat' dir='ltr'>Tu</span> <span class='ocrx_word' id='word_1_179' title='bbox 1010 376 1044 399; x_wconf 88' lang='lat' dir='ltr'>es</span> <span class='ocrx_word' id='word_1_180' title='bbox 1068 376 1179 407; x_wconf 79' lang='lat' dir='ltr'>verax,</span> <span class='ocrx_word' id='word_1_181' title='bbox 1205 366 1303 407; x_wconf 85' lang='lat' dir='ltr'>mitis,</span> <span class='ocrx_word' id='word_1_182' title='bbox 1330 367 1395 409; x_wconf 85' lang='lat' dir='ltr'>pia,</span> 
     </span>
     <span class='ocr_line' id='line_1_63' title="bbox 981 415 1347 457; baseline 0.003 -10"><span class='ocrx_word' id='word_1_183' title='bbox 981 415 1138 457; x_wconf 82' lang='lat' dir='ltr'>Fugatrix</span> <span class='ocrx_word' id='word_1_184' title='bbox 1160 424 1347 456; x_wconf 83' lang='lat' dir='ltr'>poenarum.</span> 
     </span>
    </p>
   </div>
   <div class='ocr_carea' id='block_1_28' title="bbox 935 579 1467 812">
    <p class='ocr_par' dir='ltr' id='par_1_44' title="bbox 935 579 1467 812">
     <span class='ocr_line' id='line_1_64' title="bbox 935 579 1437 622; baseline -0.002 -10"><span class='ocrx_word' id='word_1_185' title='bbox 935 579 1043 620; x_wconf 83' lang='lat' dir='ltr'>Salve,</span> <span class='ocrx_word' id='word_1_186' title='bbox 1068 580 1221 622; x_wconf 83' lang='lat' dir='ltr'>gaudium</span> <span class='ocrx_word' id='word_1_187' title='bbox 1245 582 1437 621; x_wconf 82' lang='lat' dir='ltr'>gementum,</span> 
     </span>
     <span class='ocr_line' id='line_1_65' title="bbox 937 627 1467 671; baseline -0.002 -11"><span class='ocrx_word' id='word_1_188' title='bbox 937 627 1041 666; x_wconf 84' lang='lat' dir='ltr'>Salve,</span> <span class='ocrx_word' id='word_1_189' title='bbox 1068 627 1195 660; x_wconf 87' lang='lat' dir='ltr'>firmum</span> <span class='ocrx_word' id='word_1_190' title='bbox 1214 627 1467 671; x_wconf 83' lang='lat' dir='ltr'>fundamentum,</span> 
     </span>
     <span class='ocr_line' id='line_1_66' title="bbox 936 675 1390 717; baseline -0.002 -9"><span class='ocrx_word' id='word_1_191' title='bbox 936 676 1031 708; x_wconf 83' lang='lat' dir='ltr'>Vires</span> <span class='ocrx_word' id='word_1_192' title='bbox 1058 675 1189 708; x_wconf 75' lang='lat' dir='ltr'>excellis</span> <span class='ocrx_word' id='word_1_193' title='bbox 1215 678 1390 717; x_wconf 87' lang='lat' dir='ltr'>potentum,</span> 
     </span>
     <span class='ocr_line' id='line_1_67' title="bbox 935 723 1365 764; baseline -0.002 -8"><span class='ocrx_word' id='word_1_194' title='bbox 935 723 1094 757; x_wconf 83' lang='lat' dir='ltr'>Scrinium</span> <span class='ocrx_word' id='word_1_195' title='bbox 1121 732 1153 756; x_wconf 89' lang='lat' dir='ltr'>es</span> <span class='ocrx_word' id='word_1_196' title='bbox 1179 723 1365 764; x_wconf 84' lang='lat' dir='ltr'>opulentum</span> 
     </span>
     <span class='ocr_line' id='line_1_68' title="bbox 981 772 1322 812; baseline 0 -7"><span class='ocrx_word' id='word_1_197' title='bbox 981 772 1126 812; x_wconf 82' lang='lat' dir='ltr'>Imperas</span> <span class='ocrx_word' id='word_1_198' title='bbox 1152 774 1185 804; x_wconf 91' lang='lat' dir='ltr'>et</span> <span class='ocrx_word' id='word_1_199' title='bbox 1207 772 1322 805; x_wconf 88' lang='lat' dir='ltr'>ventis.</span> 
     </span>
    </p>
   </div>
   <div class='ocr_carea' id='block_1_29' title="bbox 932 838 1457 1063">
    <p class='ocr_par' dir='ltr' id='par_1_45' title="bbox 935 838 1457 880">
     <span class='ocr_line' id='line_1_69' title="bbox 935 838 1457 880; baseline -0.004 -8"><span class='ocrx_word' id='word_1_200' title='bbox 935 839 1041 879; x_wconf 88' lang='lat' dir='ltr'>Salve,</span> <span class='ocrx_word' id='word_1_201' title='bbox 1069 848 1150 880; x_wconf 86' lang='lat' dir='ltr'>quae</span> <span class='ocrx_word' id='word_1_202' title='bbox 1175 848 1337 878; x_wconf 82' lang='lat' dir='ltr'>nunquam</span> <span class='ocrx_word' id='word_1_203' title='bbox 1363 838 1457 871; x_wconf 88' lang='lat' dir='ltr'>ruisti</span> 
     </span>
    </p>

    <p class='ocr_par' dir='ltr' id='par_1_46' title="bbox 933 887 1385 928">
     <span class='ocr_line' id='line_1_70' title="bbox 933 887 1385 928; baseline -0.004 -8"><span class='ocrx_word' id='word_1_204' title='bbox 933 888 983 920; x_wconf 88' lang='lat' dir='ltr'>Ac</span> <span class='ocrx_word' id='word_1_205' title='bbox 1007 896 1067 928; x_wconf 86' lang='lat' dir='ltr'>per</span> <span class='ocrx_word' id='word_1_206' title='bbox 1091 887 1153 920; x_wconf 82' lang='lat' dir='ltr'>hcc</span> <span class='ocrx_word' id='word_1_207' title='bbox 1176 887 1385 927; x_wconf 77' lang='lat' dir='ltr'>promeruisti</span> 
     </span>
    </p>

    <p class='ocr_par' dir='ltr' id='par_1_47' title="bbox 932 934 1419 975">
     <span class='ocr_line' id='line_1_71' title="bbox 932 934 1419 975; baseline -0.004 -8"><span class='ocrx_word' id='word_1_208' title='bbox 932 936 1037 975; x_wconf 86' lang='lat' dir='ltr'>Super</span> <span class='ocrx_word' id='word_1_209' title='bbox 1061 943 1171 967; x_wconf 88' lang='lat' dir='ltr'>omnes</span> <span class='ocrx_word' id='word_1_210' title='bbox 1199 935 1311 967; x_wconf 88' lang='lat' dir='ltr'>choros</span> <span class='ocrx_word' id='word_1_211' title='bbox 1337 934 1419 973; x_wconf 86' lang='lat' dir='ltr'>sisti,</span> 
     </span>
    </p>

    <p class='ocr_par' dir='ltr' id='par_1_48' title="bbox 932 982 1366 1063">
     <span class='ocr_line' id='line_1_72' title="bbox 932 982 1366 1017; baseline -0.009 0"><span class='ocrx_word' id='word_1_212' title='bbox 932 983 1000 1017; x_wconf 86' lang='lat' dir='ltr'>Ubi</span> <span class='ocrx_word' id='word_1_213' title='bbox 1027 982 1162 1014; x_wconf 83' lang='lat' dir='ltr'>dextera</span> <span class='ocrx_word' id='word_1_214' title='bbox 1187 985 1219 1013; x_wconf 89' lang='lat' dir='ltr'>te</span> <span class='ocrx_word' id='word_1_215' title='bbox 1245 982 1366 1015; x_wconf 87' lang='lat' dir='ltr'>Christi</span> 
     </span>
     <span class='ocr_line' id='line_1_73' title="bbox 978 1030 1259 1063; baseline 0 -2"><span class='ocrx_word' id='word_1_216' title='bbox 978 1030 1064 1062; x_wconf 87' lang='lat' dir='ltr'>Mire</span> <span class='ocrx_word' id='word_1_217' title='bbox 1089 1030 1259 1063; x_wconf 82' lang='lat' dir='ltr'>laureavit.</span> 
     </span>
    </p>
   </div>
   <div class='ocr_carea' id='block_1_30' title="bbox 930 1095 1432 1328">
    <p class='ocr_par' dir='ltr' id='par_1_49' title="bbox 930 1095 1432 1328">
     <span class='ocr_line' id='line_1_74' title="bbox 931 1095 1418 1138; baseline -0.004 -9"><span class='ocrx_word' id='word_1_218' title='bbox 931 1097 1036 1138; x_wconf 86' lang='lat' dir='ltr'>Salve,</span> <span class='ocrx_word' id='word_1_219' title='bbox 1065 1096 1146 1128; x_wconf 85' lang='lat' dir='ltr'>caeli</span> <span class='ocrx_word' id='word_1_220' title='bbox 1174 1095 1296 1138; x_wconf 88' lang='lat' dir='ltr'>dulcor,</span> <span class='ocrx_word' id='word_1_221' title='bbox 1324 1096 1418 1135; x_wconf 86' lang='lat' dir='ltr'>panis</span> 
     </span>
     <span class='ocr_line' id='line_1_75' title="bbox 931 1143 1378 1184; baseline -0.004 -8"><span class='ocrx_word' id='word_1_222' title='bbox 931 1144 1049 1176; x_wconf 84' lang='lat' dir='ltr'>Valens</span> <span class='ocrx_word' id='word_1_223' title='bbox 1073 1144 1162 1176; x_wconf 83' lang='lat' dir='ltr'>sanis</span> <span class='ocrx_word' id='word_1_224' title='bbox 1188 1146 1220 1174; x_wconf 89' lang='lat' dir='ltr'>et</span> <span class='ocrx_word' id='word_1_225' title='bbox 1243 1143 1378 1184; x_wconf 85' lang='lat' dir='ltr'>insanis,</span> 
     </span>
     <span class='ocr_line' id='line_1_76' title="bbox 931 1191 1432 1233; baseline -0.006 -8"><span class='ocrx_word' id='word_1_226' title='bbox 931 1193 992 1233; x_wconf 86' lang='lat' dir='ltr'>Da,</span> <span class='ocrx_word' id='word_1_227' title='bbox 1018 1193 1057 1224; x_wconf 86' lang='lat' dir='ltr'>ut</span> <span class='ocrx_word' id='word_1_228' title='bbox 1079 1194 1192 1224; x_wconf 83' lang='lat' dir='ltr'>nostra</span> <span class='ocrx_word' id='word_1_229' title='bbox 1215 1199 1306 1223; x_wconf 84' lang='lat' dir='ltr'>mens</span> <span class='ocrx_word' id='word_1_230' title='bbox 1328 1191 1432 1223; x_wconf 80' lang='lat' dir='ltr'>inanis</span> 
     </span>
     <span class='ocr_line' id='line_1_77' title="bbox 930 1239 1396 1282; baseline -0.006 -9"><span class='ocrx_word' id='word_1_231' title='bbox 930 1241 994 1273; x_wconf 86' lang='lat' dir='ltr'>Per</span> <span class='ocrx_word' id='word_1_232' title='bbox 1018 1243 1051 1272; x_wconf 87' lang='lat' dir='ltr'>te</span> <span class='ocrx_word' id='word_1_233' title='bbox 1076 1239 1225 1272; x_wconf 85' lang='lat' dir='ltr'>trahatur</span> <span class='ocrx_word' id='word_1_234' title='bbox 1250 1248 1270 1271; x_wconf 90' lang='lat' dir='ltr'>a</span> <span class='ocrx_word' id='word_1_235' title='bbox 1294 1239 1396 1282; x_wconf 78' lang='lat' dir='ltr'>vanis,</span> 
     </span>
     <span class='ocr_line' id='line_1_78' title="bbox 978 1287 1403 1328; baseline 0 -7"><span class='ocrx_word' id='word_1_236' title='bbox 978 1288 1132 1328; x_wconf 85' lang='lat' dir='ltr'>Linquat,</span> <span class='ocrx_word' id='word_1_237' title='bbox 1160 1288 1245 1328; x_wconf 90' lang='lat' dir='ltr'>quod</span> <span class='ocrx_word' id='word_1_238' title='bbox 1272 1287 1403 1322; x_wconf 82' lang='lat' dir='ltr'>amavit.</span> 
     </span>
    </p>
   </div>
   <div class='ocr_carea' id='block_1_31' title="bbox 930 1354 1440 1591">
    <p class='ocr_par' dir='ltr' id='par_1_50' title="bbox 931 1354 1419 1396">
     <span class='ocr_line' id='line_1_79' title="bbox 931 1354 1419 1396; baseline -0.006 -7"><span class='ocrx_word' id='word_1_239' title='bbox 931 1357 1037 1396; x_wconf 86' lang='lat' dir='ltr'>Salve,</span> <span class='ocrx_word' id='word_1_240' title='bbox 1064 1356 1157 1396; x_wconf 88' lang='lat' dir='ltr'>virga</span> <span class='ocrx_word' id='word_1_241' title='bbox 1181 1355 1293 1395; x_wconf 84' lang='lat' dir='ltr'>stirpis</span> <span class='ocrx_word' id='word_1_242' title='bbox 1318 1354 1419 1394; x_wconf 86' lang='lat' dir='ltr'>Iesse,</span> 
     </span>
    </p>

    <p class='ocr_par' dir='ltr' id='par_1_51' title="bbox 930 1404 1420 1443">
     <span class='ocr_line' id='line_1_80' title="bbox 930 1404 1420 1443; baseline -0.006 -5"><span class='ocrx_word' id='word_1_243' title='bbox 930 1406 982 1438; x_wconf 87' lang='lat' dir='ltr'>Da</span> <span class='ocrx_word' id='word_1_244' title='bbox 1007 1413 1065 1438; x_wconf 86' lang='lat' dir='ltr'>nos</span> <span class='ocrx_word' id='word_1_245' title='bbox 1090 1404 1126 1436; x_wconf 91' lang='lat' dir='ltr'>in</span> <span class='ocrx_word' id='word_1_246' title='bbox 1150 1412 1292 1443; x_wconf 85' lang='lat' dir='ltr'>superna</span> <span class='ocrx_word' id='word_1_247' title='bbox 1316 1411 1420 1435; x_wconf 89' lang='lat' dir='ltr'>messe</span> 
     </span>
    </p>

    <p class='ocr_par' dir='ltr' id='par_1_52' title="bbox 932 1451 1330 1488">
     <span class='ocr_line' id='line_1_81' title="bbox 932 1451 1330 1488; baseline -0.01 -1"><span class='ocrx_word' id='word_1_248' title='bbox 932 1454 1009 1488; x_wconf 88' lang='lat' dir='ltr'>Sine</span> <span class='ocrx_word' id='word_1_249' title='bbox 1032 1451 1098 1485; x_wconf 90' lang='lat' dir='ltr'>fine</span> <span class='ocrx_word' id='word_1_250' title='bbox 1123 1460 1232 1484; x_wconf 88' lang='lat' dir='ltr'>omnes</span> <span class='ocrx_word' id='word_1_251' title='bbox 1259 1460 1330 1483; x_wconf 90' lang='lat' dir='ltr'>esse</span> 
     </span>
    </p>

    <p class='ocr_par' dir='ltr' id='par_1_53' title="bbox 931 1499 1440 1591">
     <span class='ocr_line' id='line_1_82' title="bbox 931 1499 1440 1544; baseline -0.006 -9"><span class='ocrx_word' id='word_1_252' title='bbox 931 1503 1067 1544; x_wconf 85' lang='lat' dir='ltr'>Semper</span> <span class='ocrx_word' id='word_1_253' title='bbox 1092 1510 1163 1534; x_wconf 88' lang='lat' dir='ltr'>cum</span> <span class='ocrx_word' id='word_1_254' title='bbox 1189 1503 1320 1533; x_wconf 86' lang='lat' dir='ltr'>aeterno</span> <span class='ocrx_word' id='word_1_255' title='bbox 1346 1499 1440 1541; x_wconf 83' lang='lat' dir='ltr'>Esse,</span> 
     </span>
     <span class='ocr_line' id='line_1_83' title="bbox 980 1549 1345 1591; baseline -0.003 -7"><span class='ocrx_word' id='word_1_256' title='bbox 980 1550 1041 1591; x_wconf 77' lang='lat' dir='ltr'>Qui</span> <span class='ocrx_word' id='word_1_257' title='bbox 1066 1551 1116 1582; x_wconf 90' lang='lat' dir='ltr'>est</span> <span class='ocrx_word' id='word_1_258' title='bbox 1139 1558 1219 1582; x_wconf 87' lang='lat' dir='ltr'>vera</span> <span class='ocrx_word' id='word_1_259' title='bbox 1244 1549 1345 1591; x_wconf 87' lang='lat' dir='ltr'>quies.</span> 
     </span>
    </p>
   </div>
   <div class='ocr_carea' id='block_1_32' title="bbox 932 1617 1447 1846">
    <p class='ocr_par' dir='ltr' id='par_1_54' title="bbox 932 1617 1447 1846">
     <span class='ocr_line' id='line_1_84' title="bbox 934 1617 1348 1660; baseline -0.005 -9"><span class='ocrx_word' id='word_1_260' title='bbox 934 1619 1038 1658; x_wconf 79' lang='lat' dir='ltr'>Salve,</span> <span class='ocrx_word' id='word_1_261' title='bbox 1067 1627 1085 1650; x_wconf 95' lang='lat' dir='ltr'>o</span> <span class='ocrx_word' id='word_1_262' title='bbox 1107 1626 1222 1649; x_wconf 87' lang='lat' dir='ltr'>secura</span> <span class='ocrx_word' id='word_1_263' title='bbox 1246 1617 1348 1660; x_wconf 87' lang='lat' dir='ltr'>navis,</span> 
     </span>
     <span class='ocr_line' id='line_1_85' title="bbox 934 1665 1391 1710; baseline -0.007 -10"><span class='ocrx_word' id='word_1_264' title='bbox 934 1667 1040 1708; x_wconf 82' lang='lat' dir='ltr'>Salve,</span> <span class='ocrx_word' id='word_1_265' title='bbox 1068 1676 1086 1699; x_wconf 92' lang='lat'>0</span> <span class='ocrx_word' id='word_1_266' title='bbox 1111 1666 1256 1699; x_wconf 85' lang='lat' dir='ltr'>thesauri</span> <span class='ocrx_word' id='word_1_267' title='bbox 1282 1665 1391 1710; x_wconf 82' lang='lat' dir='ltr'>clavis,</span> 
     </span>
     <span class='ocr_line' id='line_1_86' title="bbox 932 1714 1447 1757; baseline -0.002 -9"><span class='ocrx_word' id='word_1_268' title='bbox 932 1717 1034 1757; x_wconf 74' lang='lat' dir='ltr'>Quam</span> <span class='ocrx_word' id='word_1_269' title='bbox 1058 1715 1220 1748; x_wconf 78' lang='lat' dir='ltr'>lohannes</span> <span class='ocrx_word' id='word_1_270' title='bbox 1246 1714 1339 1756; x_wconf 85' lang='lat' dir='ltr'>vidit,</span> <span class='ocrx_word' id='word_1_271' title='bbox 1366 1714 1447 1756; x_wconf 58' lang='grc' dir='ltr'>πίε,</span> 
     </span>
     <span class='ocr_line' id='line_1_87' title="bbox 932 1763 1401 1804; baseline -0.002 -7"><span class='ocrx_word' id='word_1_272' title='bbox 932 1766 982 1798; x_wconf 87' lang='lat' dir='ltr'>Tu</span> <span class='ocrx_word' id='word_1_273' title='bbox 1006 1764 1039 1796; x_wconf 93' lang='lat' dir='ltr'>in</span> <span class='ocrx_word' id='word_1_274' title='bbox 1064 1763 1207 1796; x_wconf 85' lang='lat' dir='ltr'>tenebris</span> <span class='ocrx_word' id='word_1_275' title='bbox 1234 1772 1267 1796; x_wconf 88' lang='lat' dir='ltr'>es</span> <span class='ocrx_word' id='word_1_276' title='bbox 1290 1763 1401 1804; x_wconf 84' lang='lat' dir='ltr'>pravis</span> 
     </span>
     <span class='ocr_line' id='line_1_88' title="bbox 983 1811 1255 1846; baseline -0.004 0"><span class='ocrx_word' id='word_1_277' title='bbox 983 1811 1148 1846; x_wconf 87' lang='lat' dir='ltr'>Claritatis</span> <span class='ocrx_word' id='word_1_278' title='bbox 1176 1811 1255 1845; x_wconf 85' lang='lat' dir='ltr'>dies.</span> 
     </span>
    </p>
   </div>
   <div class='ocr_carea' id='block_1_33' title="bbox 936 1986 1474 2216">
    <p class='ocr_par' dir='ltr' id='par_1_55' title="bbox 939 1986 1398 2031">
     <span class='ocr_line' id='line_1_89' title="bbox 939 1986 1398 2031; baseline -0.004 -10"><span class='ocrx_word' id='word_1_279' title='bbox 939 1988 1045 2031; x_wconf 71' lang='lat' dir='ltr'>Salve,</span> <span class='ocrx_word' id='word_1_280' title='bbox 1072 1991 1199 2020; x_wconf 84' lang='lat' dir='ltr'>terrens</span> <span class='ocrx_word' id='word_1_281' title='bbox 1225 1997 1243 2020; x_wconf 92' lang='lat' dir='ltr'>o</span> <span class='ocrx_word' id='word_1_282' title='bbox 1270 1986 1398 2026; x_wconf 85' lang='lat' dir='ltr'>balista,</span> 
     </span>
    </p>

    <p class='ocr_par' dir='ltr' id='par_1_56' title="bbox 936 2036 1356 2079">
     <span class='ocr_line' id='line_1_90' title="bbox 936 2036 1356 2079; baseline -0.002 -9"><span class='ocrx_word' id='word_1_283' title='bbox 936 2037 1043 2079; x_wconf 84' lang='lat' dir='ltr'>Salve,</span> <span class='ocrx_word' id='word_1_284' title='bbox 1068 2036 1239 2069; x_wconf 80' lang='lat' dir='ltr'>militantis</span> <span class='ocrx_word' id='word_1_285' title='bbox 1266 2036 1356 2079; x_wconf 83' lang='lat' dir='ltr'>cista,</span> 
     </span>
    </p>

    <p class='ocr_par' dir='ltr' id='par_1_57' title="bbox 936 2085 1341 2127">
     <span class='ocr_line' id='line_1_91' title="bbox 936 2085 1341 2127; baseline -0.005 -9"><span class='ocrx_word' id='word_1_286' title='bbox 936 2086 1038 2119; x_wconf 85' lang='lat' dir='ltr'>Errat</span> <span class='ocrx_word' id='word_1_287' title='bbox 1062 2086 1132 2118; x_wconf 88' lang='lat' dir='ltr'>sine</span> <span class='ocrx_word' id='word_1_288' title='bbox 1156 2087 1189 2117; x_wconf 93' lang='lat' dir='ltr'>te</span> <span class='ocrx_word' id='word_1_289' title='bbox 1213 2085 1341 2127; x_wconf 82' lang='lat' dir='ltr'>iurista‚</span> 
     </span>
    </p>

    <p class='ocr_par' dir='ltr' id='par_1_58' title="bbox 937 2133 1474 2216">
     <span class='ocr_line' id='line_1_92' title="bbox 937 2133 1474 2175; baseline -0.002 -8"><span class='ocrx_word' id='word_1_290' title='bbox 937 2133 1022 2167; x_wconf 85' lang='lat' dir='ltr'>Nam</span> <span class='ocrx_word' id='word_1_291' title='bbox 1049 2134 1089 2167; x_wconf 90' lang='lat' dir='ltr'>de</span> <span class='ocrx_word' id='word_1_292' title='bbox 1105 2137 1139 2166; x_wconf 88' lang='lat' dir='ltr'>te</span> <span class='ocrx_word' id='word_1_293' title='bbox 1155 2133 1289 2173; x_wconf 87' lang='lat' dir='ltr'>scripsit</span> <span class='ocrx_word' id='word_1_294' title='bbox 1305 2133 1474 2175; x_wconf 85' lang='lat' dir='ltr'>psalmista</span> 
     </span>
     <span class='ocr_line' id='line_1_93' title="bbox 986 2182 1322 2216; baseline 0 0"><span class='ocrx_word' id='word_1_295' title='bbox 986 2182 1141 2216; x_wconf 85' lang='lat' dir='ltr'>Veritatis</span> <span class='ocrx_word' id='word_1_296' title='bbox 1165 2191 1322 2216; x_wconf 84' lang='lat' dir='ltr'>normam.</span> 
     </span>
    </p>
   </div>
   <div class='ocr_carea' id='block_1_34' title="bbox 936 2251 1449 2481">
    <p class='ocr_par' dir='ltr' id='par_1_59' title="bbox 937 2251 1362 2293">
     <span class='ocr_line' id='line_1_94' title="bbox 937 2251 1362 2293; baseline -0.002 -9"><span class='ocrx_word' id='word_1_297' title='bbox 937 2251 1044 2293; x_wconf 82' lang='lat' dir='ltr'>Salve,</span> <span class='ocrx_word' id='word_1_298' title='bbox 1069 2251 1180 2283; x_wconf 87' lang='lat' dir='ltr'>throni</span> <span class='ocrx_word' id='word_1_299' title='bbox 1205 2260 1223 2283; x_wconf 91' lang='lat' dir='ltr'>o</span> <span class='ocrx_word' id='word_1_300' title='bbox 1248 2251 1362 2291; x_wconf 83' lang='lat' dir='ltr'>sedile,</span> 
     </span>
    </p>

    <p class='ocr_par' dir='ltr' id='par_1_60' title="bbox 937 2300 1353 2342">
     <span class='ocr_line' id='line_1_95' title="bbox 937 2300 1353 2342; baseline -0.002 -9"><span class='ocrx_word' id='word_1_301' title='bbox 937 2300 1043 2341; x_wconf 87' lang='lat' dir='ltr'>Salve,</span> <span class='ocrx_word' id='word_1_302' title='bbox 1070 2307 1201 2332; x_wconf 87' lang='lat' dir='ltr'>aureum</span> <span class='ocrx_word' id='word_1_303' title='bbox 1225 2300 1353 2342; x_wconf 87' lang='lat' dir='ltr'>monile,</span> 
     </span>
    </p>

    <p class='ocr_par' dir='ltr' id='par_1_61' title="bbox 936 2348 1310 2392">
     <span class='ocr_line' id='line_1_96' title="bbox 936 2348 1310 2392; baseline 0.003 -12"><span class='ocrx_word' id='word_1_304' title='bbox 936 2349 986 2381; x_wconf 90' lang='lat' dir='ltr'>Tu</span> <span class='ocrx_word' id='word_1_305' title='bbox 1010 2349 1112 2390; x_wconf 88' lang='lat' dir='ltr'>ipsius</span> <span class='ocrx_word' id='word_1_306' title='bbox 1137 2357 1170 2380; x_wconf 89' lang='lat' dir='ltr'>es</span> <span class='ocrx_word' id='word_1_307' title='bbox 1196 2348 1310 2392; x_wconf 81' lang='lat' dir='ltr'>cubile,</span> 
     </span>
    </p>

    <p class='ocr_par' dir='ltr' id='par_1_62' title="bbox 938 2397 1449 2481">
     <span class='ocr_line' id='line_1_97' title="bbox 938 2397 1449 2439; baseline 0.002 -10"><span class='ocrx_word' id='word_1_308' title='bbox 938 2397 998 2439; x_wconf 80' lang='lat' dir='ltr'>Qui</span> <span class='ocrx_word' id='word_1_309' title='bbox 1023 2401 1210 2430; x_wconf 85' lang='lat' dir='ltr'>cunctorum</span> <span class='ocrx_word' id='word_1_310' title='bbox 1237 2398 1328 2430; x_wconf 84' lang='lat' dir='ltr'>dedit</span> <span class='ocrx_word' id='word_1_311' title='bbox 1351 2398 1449 2439; x_wconf 83' lang='lat' dir='ltr'>hylae</span> 
     </span>
     <span class='ocr_line' id='line_1_98' title="bbox 987 2446 1399 2481; baseline 0 -1"><span class='ocrx_word' id='word_1_312' title='bbox 987 2446 1226 2480; x_wconf 88' lang='lat' dir='ltr'>Obnascentum</span> <span class='ocrx_word' id='word_1_313' title='bbox 1253 2446 1399 2481; x_wconf 84' lang='lat' dir='ltr'>formam.</span> 
     </span>
    </p>
   </div>
  </div>
 </body>
</html>
