1655 2726
174 220 228 253 33.

174 442 230 477 34.

172 666 233 700 35.

174 890 230 923 36.

167 1188 226 1222 41.

166 1413 223 1446 42.

165 1637 221 1670 43.

164 1862 221 1895 44.

165 2086 224 2119 45.

259 220 322 252 Pro
347 221 413 253 suis
440 222 617 256 tortoribus

308 269 444 302 Attente
469 272 523 311 qui
548 276 710 312 precatur,

258 315 344 349 Dum
371 319 476 351 crucis
504 320 669 353 doloribus

305 366 470 400 Extensus
495 368 696 403 tenebratur.

256 443 324 476 Iste
348 445 468 477 latroni
494 446 601 478 omnia

307 492 451 526 Crimina
477 494 600 527 dimisit

256 541 307 572 Ac
329 542 477 582 paradisi
501 543 620 584 gaudia

306 589 388 622 Ilico
414 591 574 630 promisit.

259 666 320 705 Qui
344 667 484 701 Iohanni
508 668 669 709 discipulo

305 715 353 748 Te
376 722 512 750 matrem
538 718 782 759 commendavit,

256 764 354 803 Quem
381 764 442 796 tibi
467 765 498 797 in
525 765 671 806 patibulo

302 812 340 844 In
361 810 463 845 filium
491 814 633 848 donavit.

258 889 318 929 Qui
343 898 379 922 se
403 891 553 925 relictum
578 892 735 932 omnibus,

302 938 389 971 Dum
413 939 502 979 patri
527 940 724 980 querulatur,

255 986 460 1019 Inimicorum
487 987 621 1021 vocibus

302 1034 457 1074 Turpiter
482 1035 736 1075 blasphematur.

868 449 925 482 38.

868 671 926 704 39.

865 893 921 926 40.

920 253 926 258 .
954 229 1014 269 Qui
1041 228 1116 260 dum
1143 229 1306 261 exhaustis
1334 229 1455 262 viribus

1001 276 1114 309 Sitio
1141 278 1292 318 cantavit,

953 324 1011 357 Fel
1037 328 1069 356 et
1093 329 1219 358 acetum
1244 324 1390 359 faucibus

999 372 1096 405 Miles
1120 373 1316 414 propinavit.

952 450 1013 490 Qui
1036 451 1268 490 prophetarum
1295 452 1382 484 edita

999 498 1231 531 Consummans
1255 500 1405 539 passione

951 545 1054 578 Primi
1079 547 1222 586 parentis
1250 547 1356 580 debita

999 594 1160 626 Persolvit
1184 594 1317 629 ratione.

953 671 991 703 ln
1016 680 1129 703 manus
1154 671 1258 712 patris
1282 672 1426 705 tradidit

998 719 1153 760 Spiritum
1180 720 1366 764 pretiosum,

949 767 1028 799 Alta
1051 775 1131 799 voce
1157 768 1231 800 dum
1259 768 1363 801 edidit

998 815 1164 849 Canticum
1191 816 1403 851 dulcorosum.

951 892 1062 925 Crucis
1087 895 1223 925 mortem
1249 893 1379 926 subiens

997 940 1035 972 In
1058 949 1138 980 pace
1161 941 1372 987 obdormivit,

946 988 1077 1020 Electos
1102 988 1241 1029 eripiens

997 1035 1163 1070 Infernum
1188 1037 1345 1070 introivit,

802 1124 839 1156 V.

253 1187 391 1221 Satelles
415 1189 502 1222 latus
527 1188 657 1222 Domini
864 1191 921 1223 46.
950 1190 1010 1230 Qui
1036 1194 1068 1223 te
1094 1200 1192 1232 super
1217 1192 1349 1225 aethera

300 1238 431 1271 Lancea
457 1237 649 1279 perforavit,
997 1238 1151 1272 Valenter
1177 1241 1332 1273 exaltavit

251 1285 337 1318 Hinc
362 1295 446 1326 aqua
470 1286 580 1318 iuncta
605 1286 752 1328 sanguini
946 1286 991 1319 Et
1012 1288 1045 1320 in
1072 1297 1129 1320 sua
1155 1289 1289 1321 dextera

298 1334 439 1367 Abunde
466 1335 639 1369 emanavit.
994 1335 1156 1368 Decenter
1183 1337 1364 1372 collocavit.

252 1412 350 1445 Cuius
378 1420 494 1452 corpus
518 1412 755 1445 sanctissimum
860 1413 917 1446 47.
946 1413 1085 1454 Propter
1109 1414 1222 1447 mundi
1248 1415 1373 1448 scelera.

297 1460 348 1493 De
374 1469 470 1492 cruce
494 1464 687 1501 receperunt
992 1461 1053 1502 Qui
1077 1462 1175 1494 iudex
1203 1465 1249 1495 est
1277 1467 1430 1496 venturus

247 1508 292 1541 Et
317 1509 502 1550 sepulcrum
526 1509 772 1542 mundissimum
945 1509 1150 1551 Singulorum
1175 1520 1276 1553 opera

298 1558 414 1590 Eidem
441 1561 643 1600 aptaverunt.
995 1558 1131 1591 Strenue
1158 1560 1371 1595 discussurus

250 1636 311 1675 Qui
337 1636 457 1668 virtute
481 1636 616 1677 propria
862 1636 918 1670 48.
944 1636 1026 1668 Dira
1054 1637 1108 1676 qui
1134 1637 1296 1679 supplicia

300 1684 331 1717 A
354 1687 465 1718 morte
490 1685 680 1727 resurrexit,
991 1684 1055 1717 Est
1077 1686 1227 1725 reprobis
1254 1686 1403 1727 daturus,

248 1732 359 1774 Teque
381 1742 400 1764 a
424 1733 560 1765 tristitia
946 1732 1011 1766 Sed
1038 1733 1149 1766 electis
1172 1734 1291 1775 gaudia

296 1781 484 1822 Discipulos
511 1782 626 1815 erexit.
993 1784 1137 1815 Aeterna
1163 1783 1349 1818 collaturus.

248 1859 355 1901 Super
380 1860 542 1893 caelorum
568 1860 677 1893 sidera
862 1860 916 1894 49.
945 1860 1007 1900 Qui
1032 1860 1138 1901 parcit
1163 1862 1374 1902 peccantibus

295 1909 455 1942 Ascendit
480 1910 624 1942 virtuose
994 1908 1129 1942 Veniam
1155 1910 1339 1950 pollicendo

248 1957 356 1998 Atque
380 1957 414 1989 in
439 1959 543 1998 patris
568 1958 702 1991 dextera
942 1957 987 1989 Et
1009 1958 1042 1990 in
1068 1966 1104 1989 se
1129 1959 1335 1999 sperantibus

295 2006 431 2039 Residet
456 2007 605 2048 gloriose.
992 2006 1084 2039 Viam
1109 2007 1291 2042 adiciendo

252 2083 312 2123 Qui
338 2086 542 2125 pentecostes
567 2087 713 2125 tempore
860 2084 916 2119 50.
939 2084 1114 2118 Orantibus
1139 2085 1298 2118 rosarium

295 2132 451 2173 Spiritum
478 2133 586 2166 emisit

248 2181 416 2222 Apostolis
442 2191 502 2222 pro
528 2181 672 2224 foenore,

295 2232 382 2263 Ante
406 2232 443 2262 ut
467 2230 626 2271 promisit.

990 2133 1133 2165 Aureum
1158 2137 1233 2167 tuae
1258 2136 1383 2177 matris,

942 2181 1070 2215 Christe
1095 2183 1181 2223 Iesu,
1207 2184 1385 2224 propitium

989 2230 1058 2263 Fac
1082 2231 1206 2264 vultum
1229 2232 1277 2265 tui
1303 2234 1418 2273 patris,

510 2309 566 2343 51.
593 2308 723 2341 Finitur
748 2308 802 2340 hic
826 2308 984 2341 rosarium

640 2357 768 2391 Mariae
794 2357 993 2398 deauratum,

593 2407 668 2439 Iesu
693 2414 752 2448 per
778 2406 1004 2447 compendium

639 2454 778 2489 Actibus
802 2455 998 2489 decoratum.
