1655 2726
235 242 266 275 9.
294 242 374 282 Ave,
401 241 545 285 thronus,

344 293 375 321 et
400 290 494 323 sedes
519 292 651 334 gratiae,

295 338 458 370 Thronum
485 339 568 371 enim

341 386 438 418 iudex
460 388 602 420 iustitiae

293 433 396 465 Tuum
422 434 482 468 sibi

343 483 472 522 paravit
496 487 632 523 uterum,

296 529 368 561 Non
394 530 512 563 oblitus

344 579 513 611 clamorem
541 589 727 622 pauperum.

215 655 270 688 10.
297 657 378 697 Ave,
405 657 557 697 templum

348 703 476 736 virtutis
503 705 649 747 caelicae,

297 751 357 783 Pia
381 755 494 793 mater,

346 808 460 840 egenos
487 801 621 841 respice,

297 846 347 878 Ne
372 856 429 879 nos
455 847 533 880 hora

344 897 484 936 supremi
510 897 613 928 exitus

296 942 512 976 Procellarum

345 991 487 1024 involvat
514 992 657 1032 spiritus.

214 1066 269 1098 11.
296 1068 375 1110 Ave,
405 1067 445 1099 de
469 1077 531 1108 qua

346 1123 478 1155 surgens
504 1125 560 1147 rex
587 1117 708 1157 gloriae

297 1162 435 1194 Nostrae
462 1164 552 1196 dedit

346 1209 441 1242 finem
466 1212 623 1253 miseriae,

300 1258 397 1291 Cuius
423 1262 511 1291 casta

347 1310 481 1338 narrant
506 1308 640 1351 eloquia,

302 1353 415 1386 Castae
439 1355 550 1386 matr1s

348 1404 467 1441 quanta
491 1403 556 1434 sint
580 1404 705 1443 gaudia,

217 1479 271 1512 12.
298 1478 377 1517 Ave,
405 1482 507 1511 mater

347 1526 423 1567 eius,
451 1527 504 1567 qui
528 1528 641 1559 tribuit

299 1573 401 1605 Nobis
426 1573 519 1615 bona,

348 1630 415 1653 cum
442 1622 476 1654 in
502 1628 533 1654 te
557 1624 659 1668 latuit,

300 1670 416 1712 Psalle,
445 1671 543 1711 virgo,

350 1718 436 1749 illius
461 1719 589 1759 nomini,

301 1765 363 1797 Per
386 1769 418 1796 te
444 1767 540 1799 vitam

350 1814 404 1853 qui
430 1814 521 1847 dedit
545 1816 674 1848 homini.

217 1892 273 1925 13.
302 1893 381 1928 Ave,
407 1890 470 1934 pia,

353 1939 434 1971 viam
462 1943 493 1971 te
520 1940 690 1981 credimus,

305 1987 404 2026 Quam
429 1987 552 2020 invenit

351 2035 465 2068 bonam
492 2036 676 2077 altissimus,

304 2084 379 2117 Cum
406 2093 468 2116 non
495 2087 588 2124 esset,

350 2132 434 2164 bona
459 2133 513 2173 qui
538 2131 662 2164 faceret

303 2181 363 2214 Vel
390 2189 444 2220 qui
469 2180 572 2213 Deum

354 2229 451 2261 corde
476 2230 664 2269 requireret.

221 2308 276 2340 14.
303 2307 374 2339 Ave
401 2305 489 2338 cuius

352 2355 385 2386 iu
411 2354 618 2387 tabernaculo

302 2403 482 2446 Habitavit,

354 2451 408 2492 qui
434 2461 544 2493 pacem
571 2451 697 2483 saeculo

762 143 909 180 —28
957 138 1018 170 —·

903 464 957 496 15.

904 877 957 909 16.

905 1288 960 1321 17.

904 1701 959 1733 18.

909 2116 963 2149 19.

987 242 1166 283 Nuntiavit‚

1033 299 1124 330 quem
1152 291 1221 322 sine
1247 289 1370 322 macula

985 338 1152 372 Protulisti

1036 387 1076 419 de
1099 386 1222 419 ventris
1250 385 1376 418 cellula.

984 465 1064 506 Ave,
1093 463 1213 496 Christi

1032 520 1108 551 pars
1134 514 1165 542 et
1190 510 1353 542 hereditas

985 559 1086 591 Notas
1111 559 1204 591 nobis

1032 605 1085 639 fac
1109 607 1194 639 vitae
1216 606 1356 648 semitas,

986 655 1032 688 Ut
1055 655 1089 686 in
1114 658 1179 695 tua,

1033 701 1112 734 felix
1136 711 1308 744 puerpera,

984 750 1190 783 Delectemur

1032 799 1066 831 in
1091 798 1154 831 fine
1180 800 1323 832 dextera.

984 877 1065 915 Ave,
1092 877 1206 915 potens

1035 924 1195 955 caelorum
1222 922 1360 960 domina,

987 971 1123 1003 Nostras
1149 971 1223 1012 igne

1035 1023 1158 1051 mentes
1177 1019 1324 1051 examina

986 1067 1037 1099 Ne
1061 1076 1118 1098 nos
1145 1067 1228 1098 male

1032 1123 1092 1154 pro
1117 1115 1210 1146 malis
1236 1113 1357 1146 meritis

987 1163 1053 1194 Leo
1079 1171 1193 1195 saevus

1038 1213 1128 1243 voret
1151 1211 1184 1242 in
1210 1210 1341 1242 abditis.

987 1289 1067 1329 Ave,
1094 1290 1196 1319 mater

1035 1336 1155 1367 aeterni
1182 1335 1322 1374 luminis,

987 1382 1239 1415 Firmamentum

1033 1434 1065 1462 et
1089 1431 1191 1464 virtus
1218 1431 1355 1463 hominis

983 1479 1044 1511 Tui
1070 1478 1176 1511 fructu

1030 1528 1192 1559 salvemur
1216 1528 1298 1559 uteri

987 1575 1037 1607 Ne
1062 1585 1119 1607 nos
1144 1579 1293 1615 premant

1036 1624 1163 1656 dolores
1188 1623 1295 1656 inferi.

986 1701 1067 1744 Ave,
1096 1701 1184 1732 cuius

1036 1749 1076 1781 de
1100 1749 1310 1783 tabernaculo

987 1796 1043 1830 Sol
1069 1800 1099 1829 et
1127 1798 1194 1829 dies

1035 1846 1213 1885 procedens
1239 1849 1370 1880 saeculo

989 1893 1161 1927 Inclinavit

1037 1943 1124 1974 nocti
1146 1944 1314 1977 scientiam

988 1989 1085 2022 Lucis
1110 2000 1212 2024 novae

1038 2040 1117 2071 dans
1145 2041 1247 2073 caeeis
1272 2044 1420 2083 gratiam.

991 2117 1070 2157 Ave,
1097 2121 1199 2149 mater

1041 2173 1175 2197 exorans
1201 2165 1313 2210 filium,

990 2212 1035 2245 Ut
1061 2213 1101 2245 de
1125 2219 1236 2246 sancto

1039 2262 1145 2294 mittat
1169 2263 1334 2304 auxilium,

991 2308 1041 2340 Ne
1065 2310 1123 2342 sub
1150 2311 1270 2342 nostris

1041 2359 1190 2391 cadamus
1216 2358 1372 2401 hostibus,

993 2406 1052 2445 Qui
1076 2406 1111 2438 in
1137 2406 1226 2447 equis

1041 2454 1165 2487 instant
1190 2460 1223 2486 et
1250 2455 1406 2488 curribus.
