1655 2726
524 544 588 577 V11.
628 544 822 577 Psalterium
842 543 1047 576 Acrostichon
1067 543 1174 575 univ.

599 644 744 677 Prima
769 643 1090 686 Quinquagena.

203 735 234 767 1.
259 730 423 774 Almiflua,
450 732 667 772 pulcherrima

310 780 438 821 Regina
464 780 554 821 caeli,
581 779 695 820 gaude,

260 829 397 868 Dewra,
426 828 644 867 celeberrima,

310 877 449 909 Perenni
476 876 574 917 digna
595 875 701 910 laude.

211 958 241 988 2.
269 952 425 994 Venusta‚
450 953 586 994 pulchra
611 952 702 994 facie,

309 1002 361 1033 Tu
386 1010 421 1033 es
446 1001 659 1041 agnominata,

263 1051 379 1092 Maria,
406 1053 509 1081 mater
533 1049 665 1090 gratiae,

309 1098 452 1131 Reorum
477 1098 645 1130 advocata.

207 1178 238 1210 3.
265 1172 328 1215 En,
355 1175 456 1216 virgo,
484 1174 525 1206 de
548 1173 721 1216 regalibus,

310 1223 464 1263 Ingenua,
491 1223 618 1260 mirosa‚

268 1270 442 1311 Progenita
464 1269 636 1312 natalibus,

312 1319 457 1353 illustris
482 1321 515 1349 et
538 1317 671 1351 famosa.

204 1399 239 1431 4.
266 1394 403 1437 Decora,
431 1394 704 1435 commendabilis,

313 1444 417 1476 Trans
442 1443 588 1475 ordinem
607 1446 752 1484 naturae,

268 1493 357 1533 Quae
382 1500 456 1524 nam
480 1490 742 1531 incomparabilis

314 1540 361 1573 Es
387 1540 473 1572 omni
498 1541 674 1572 creaturae.

208 1621 238 1654 5.
267 1615 457 1652 Omnimode
481 1615 673 1658 gratissima,

315 1664 455 1699 Mirifice
478 1664 658 1706 praeclara,

268 1716 358 1754 Quae
385 1722 418 1746 es
444 1716 477 1745 et
501 1712 764 1753 praepurissima,

319 1761 458 1794 Caelesti
483 1760 552 1793 Deo
579 1769 663 1793 cara.

211 1843 242 1875 6,
268 1837 424 1880 Magistra
448 1838 635 1880 pudicitiae,

317 1888 432 1922 Puella
455 1887 606 1928 puritatis

267 1938 441 1977 imagoque
464 1935 650 1976 munditiae,

320 1984 467 2026 Sigillum
494 1983 661 2016 castitatis.

211 2067 243 2100 7.
271 2064 425 2096 illustras
451 2071 544 2095 omne
568 2061 730 2093 saeculum

316 2110 465 2146 clarifico
489 2110 672 2152 splendore,

269 2160 411 2193 Nitescis
438 2159 528 2200 quasi
553 2158 717 2198 speculum

317 2206 458 2241 iffirifico
481 2207 597 2240 nitore.

213 2288 246 2321 8.
273 2283 356 2320 Nam
380 2295 471 2318 coma
494 2283 598 2317 fulvet
622 2292 720 2316 aurea

318 2334 375 2367 Tis
400 2335 536 2375 pulchre
560 2332 720 2373 redimita,

272 2383 372 2423 Quam
398 2386 493 2415 ornat
516 2382 598 2414 vitta
619 2382 739 2423 laurea,

321 2431 409 2471 Quae
435 2431 574 2471 desuper
600 2435 650 2462 est
673 2430 746 2463 sita.

918 733 948 765 9.
974 728 1022 765 At
1045 729 1161 763 frontis
1187 728 1373 770 superficies

1022 778 1084 811 Est
1104 781 1160 810 tua
1182 786 1367 818 perserena‚

977 829 1076 867 Quam
1103 826 1241 859 candida
1265 825 1438 858 mundities

1024 875 1180 907 Venustat
1205 878 1237 907 et
1260 881 1402 906 amoena.

895 953 950 986 10.
975 949 1182 992 Nequaquam
1207 951 1382 992 supercilia

1023 999 1182 1033 Deficient
1206 1008 1225 1031 a
1249 1000 1356 1038 laude,

978 1050 1065 1087 Quae
1089 1056 1166 1080 vere
1190 1050 1265 1079 sunt
1288 1047 1421 1079 subtilia

1022 1096 1069 1129 Et
1093 1098 1204 1128 carent
1228 1096 1313 1128 omni
1339 1093 1463 1128 fraude.

894 1175 950 1206 11.
978 1170 1003 1207 Ο
1031 1182 1126 1212 quam
1149 1173 1317 1214 praeclaro
1339 1173 1461 1204 lumine

1024 1219 1107 1253 Sunt
1131 1220 1215 1252 oculi
1238 1220 1406 1261 micantes,

977 1269 1025 1302 Ut
1047 1268 1162 1301 stellae
1188 1268 1227 1300 de
1253 1269 1417 1301 cacumine

1026 1316 1194 1349 Gaeiorum
1218 1317 1429 1351 illustrantes,

896 1395 952 1427 12.
978 1391 1061 1428 Sunt
1082 1402 1175 1426 nares
1201 1394 1428 1439 aequalissimi7

1026 1441 1108 1474 Sunt
1131 1441 1218 1475 labia
1243 1442 1405 1485 rubentes,

977 1490 1024 1523 Ut
1047 1490 1125 1522 ebur
1150 1490 1373 1523 candidissimi

1026 1537 1257 1581 Respiendent,
1285 1548 1370 1579 ecce,
1390 1540 1515 1573 dentes.

898 1617 952 1648 13.
980 1613 1031 1649 Tu
1055 1619 1132 1647 nata
1156 1615 1242 1655 regis
1266 1616 1370 1659 unica,

1029 1662 1083 1695 Sic
1108 1663 1225 1696 rubent
1247 1667 1322 1696 tuae
1346 1673 1448 1706 genae

981 1711 1048 1744 Ceu
1071 1714 1163 1752 grata
1183 1712 1271 1745 mala
1293 1713 1422 1755 punica,

1029 1758 1111 1792 Sunt
1134 1768 1228 1792 aures
1253 1769 1476 1802 praeserenae.

900 1839 955 1872 14.
983 1835 1111 1872 Revera
1137 1838 1248 1870 cervix
1274 1840 1363 1880 regia

1030 1885 1172 1918 Nitescit
1196 1886 1341 1927 ebenina,

983 1934 1047 1967 Sed
1072 1937 1129 1967 tua
1152 1937 1364 1977 praeegregia.

1032 1982 1114 2015 Sunt
1136 1982 1271 2017 brachia
1296 1985 1438 2018 cedrina.

903 2060 958 2094 15.
985 2057 1050 2093 Ast
1073 2070 1187 2093 manus
1211 2063 1286 2094 tuae
1312 2063 1448 2095 ductiles

1034 2107 1115 2141 Sunt
1138 2110 1225 2142 aloe's
1252 2119 1293 2143 ex
1317 2112 1403 2152 ligno

988 2155 1066 2189 Cum
1093 2158 1201 2198 digitis
1227 2160 1405 2201 tornatiles,

1036 2205 1250 2239 Candidiores
1278 2216 1389 2249 cygnO.

905 2282 962 2318 16,
986 2278 1034 2315 Ut
1057 2283 1183 2323 species
1209 2284 1380 2318 clarissimi

1038 2330 1192 2371 Crystalli
1218 2333 1372 2374 diaphani

989 2378 1072 2412 Sunt
1095 2389 1216 2421 ungues
1241 2382 1460 2424 sincerissimi,

1038 2427 1239 2471 spectabiles
1264 2436 1298 2463 et
1321 2433 1423 2473 ple-ni.
