1655 2726
820 251 876 285 VI.

211 329 240 362 l.
258 328 391 370 Gaude,
417 337 515 370 genas
541 329 696 362 oscularis
901 330 933 363 6.
950 328 1072 371 Gaude,
1103 330 1206 362 cernis
1233 330 1395 370 elegantes

255 378 329 410 Iesu
356 377 458 410 dulcis
484 381 516 410 et
540 378 673 410 laetaris
948 377 1022 410 Iesu
1047 386 1171 419 manus,
1198 387 1277 418 quas
1302 378 1473 409 vernantes

302 425 428 458 lntimis
453 426 642 460 visceribus
996 425 1119 458 Premis
1148 426 1234 458 dulci
1260 426 1362 459 basio.

211 505 244 536 2.
261 502 384 542 Gaude,
413 505 516 537 cernis
541 504 575 536 in
601 512 778 544 praesaepe
902 505 933 538 7.
950 502 1074 545 Gaude,
1100 503 1187 536 lacte
1211 507 1266 536 tuo
1291 503 1392 535 lotum

258 552 364 584 Aures
390 552 474 593 Iesu,
502 562 580 593 quas
606 560 761 593 persaepe
949 551 1088 592 Stringis
1114 560 1230 593 corpus
1253 552 1327 585 Iesu
1353 553 1455 585 totum

303 600 428 632 Mulces
453 601 561 634 verbis
588 600 745 633 dulcibus.
1003 599 1157 633 Dulcibus
1183 599 1395 641 amplexibus.

208 679 238 711 3.
255 677 378 719 Gaude,
403 677 538 717 pulchro
564 678 638 711 Iesu
664 680 771 709 mento
902 678 933 711 8.
950 676 1072 716 Gaude,
1101 678 1200 718 pedes
1223 677 1418 718 amplexaris

257 725 358 757 Laeta
383 725 478 758 nimis
503 727 535 758 in
562 729 720 758 momento
948 725 1010 757 Tui
1032 725 1110 768 nati,
1138 735 1215 767 quos
1242 724 1365 758 adfaris

305 774 403 806 Plura
430 773 530 807 dabas
556 774 676 807 oscula.
998 773 1163 806 Amorosis
1189 773 1330 807 vocibus.

209 853 241 884 4.
257 850 384 894 Gaude,
411 851 500 893 virgo
526 851 706 895 singularis,
899 852 930 884 9.
947 850 1070 892 Gaude,
1097 852 1212 891 pannis
1237 851 1403 884 involvisti

255 899 375 932 Guttur
399 899 473 932 Iesu
500 899 726 941 contemplaris
945 899 1076 940 Lacque
1099 899 1187 939 pium
1213 899 1356 932 tribuisti

303 947 381 980 Cum
406 956 469 980 non
495 957 597 990 parva
621 947 753 980 morula.
992 947 1061 979 Tuo
1089 947 1176 980 dulci
1200 947 1278 980 filio.

207 1026 238 1059 5.
254 1024 376 1067 Gaude,
404 1024 506 1065 virgo,
532 1033 605 1057 nam
630 1024 768 1056 lacertos
872 1024 927 1057 10.
943 1024 1067 1065 Gaude,
1094 1024 1210 1066 Ioseph
1236 1025 1440 1065 amplexatur

253 1073 326 1105 Iesu
351 1072 484 1112 pingues
510 1076 542 1104 et
566 1075 719 1113 exsertos,
944 1072 1077 1104 Dulcem
1104 1072 1209 1105 Iesum
1238 1076 1270 1105 et
1295 1073 1435 1104 laetatur

302 1120 421 1161 Tangis
447 1130 503 1153 ore
527 1121 669 1161 proprio.
994 1120 1135 1153 Gordiali
1162 1121 1288 1162 gaudio.

530 1197 584 1230 11.
602 1197 659 1229 Pia
685 1199 797 1240 mater,
826 1196 1004 1237 serpentini

602 1244 706 1277 Simus
734 1246 830 1284 atque
856 1244 1028 1277 columbini

650 1292 788 1326 Vacuati
813 1292 900 1327 vitio.

805 1409 879 1444 VII.

210 1486 240 1520 1.
256 1485 378 1527 Gaude,
403 1485 519 1528 Iesum,
543 1493 634 1526 quem
660 1485 774 1517 locasti
896 1487 927 1519 6.
944 1484 1067 1526 Gaude,
1095 1489 1194 1518 ruunt
1222 1487 1310 1518 caelo
1336 1487 1443 1518 statim

256 1533 360 1574 Super
384 1532 523 1573 foenum,
550 1533 694 1565 adorasti
944 1533 1032 1566 Caeli
1059 1534 1145 1565 cives
1172 1535 1361 1567 catervatim

305 1582 450 1615 Cinctum
472 1582 586 1613 stricta
608 1579 718 1613 fascia.
989 1582 1106 1615 Natum
1135 1585 1224 1615 tuum
1250 1583 1366 1618 colere.

209 1661 240 1692 2.
256 1659 377 1700 Gaude,
403 1658 510 1691 Iesum
536 1658 631 1690 bruta
655 1666 739 1690 nexa
897 1660 926 1693 7.
946 1658 1068 1700 Gaude,
1095 1659 1200 1692 Iesum
1228 1661 1408 1701 vagientem

253 1708 306 1740 Ad
332 1715 510 1749 praesaepe
534 1705 701 1748 genuflexa
941 1708 979 1740 In
1005 1709 1175 1749 praesaepi
1200 1709 1438 1742 recumbentem

303 1755 419 1788 Colunt
443 1755 603 1788 animalia.
991 1755 1076 1789 Colit
1100 1759 1212 1796 pastor
1238 1756 1384 1797 quilibet.

210 1834 241 1866 3.
257 1832 380 1873 Gaude,
409 1832 491 1865 dixit
515 1832 557 1865 ad
582 1834 728 1872 pastores
897 1833 928 1865 8.
943 1831 1066 1874 Gaude,
1093 1833 1162 1866 visa
1187 1834 1398 1867 conservabas

257 1880 345 1913 Caeli
371 1880 448 1913 civis
473 1881 532 1913 hos
556 1889 715 1912 rumores:
942 1880 987 1913 Et
1010 1881 1044 1913 in
1071 1881 1169 1914 corde
1195 1881 1383 1915 conferebas

304 1929 397 1961 Nunc
422 1932 470 1961 est
495 1931 584 1961 ortus
607 1928 774 1962 Dominus,
993 1929 1065 1961 Iesu
1093 1929 1180 1963 dicta
1205 1931 1378 1972 quaelibet.

204 2009 236 2042 4.
256 2006 377 2049 Gaude,
401 2006 513 2039 laudes
539 2006 608 2038 Deo
635 2014 711 2038 vere
898 2008 929 2039 9.
947 2005 1069 2048 Gaude,
1096 2008 1195 2040 sentis
1223 2018 1294 2040 nam
1324 2009 1488 2042 dulcorem

254 2055 344 2088 Caeli
369 2054 454 2086 cives
481 2057 652 2087 cantavere
944 2054 1095 2095 Magnum
1113 2055 1237 2088 lactans
1253 2057 1370 2101 lesum,
1396 2056 1507 2092 florem

300 2104 338 2136 In
364 2102 500 2135 excelsis
525 2102 682 2143 protinus,
994 2102 1151 2146 Paradisi,
1180 2105 1318 2147 saepius.

206 2182 238 2214 5.
253 2180 379 2220 Gaude,
404 2183 476 2212 ortu
497 2180 545 2212 tui
569 2179 637 2212 nati
878 2180 933 2213 10.
950 2179 1072 2221 Gaude,
1097 2190 1195 2223 saepe
1219 2185 1308 2214 tuum
1333 2186 1444 2216 natum

252 2229 381 2261 Laudes
408 2231 525 2261 canunt
549 2227 688 2260 trinitati
948 2229 1166 2271 Amplexaris,
1193 2240 1286 2272 quem
1312 2232 1466 2265 lactatum

299 2276 418 2317 Angeli
442 2276 475 2309 in
501 2277 642 2309 aethere.
997 2277 1158 2311 Oscularis
1185 2280 1321 2313 dulcius.

532 2354 587 2387 11.
603 2353 664 2386 Pia
685 2356 800 2394 mater,
828 2353 951 2385 esurire

598 2402 668 2435 Fac
692 2410 749 2433 nos
775 2410 901 2443 semper
927 2404 960 2435 et
983 2403 1075 2435 sitire

649 2450 747 2491 Illud,
774 2450 859 2492 quod
885 2454 934 2483 est
957 2451 1083 2486 iustius,
