1655 2726
684 138 941 176 —181-

744 236 867 273 XCIII.

145 309 226 343 938.
241 310 340 351 Deus,
368 311 459 344 Deus
484 314 650 357 ultionum,

240 358 303 392 Per
327 363 403 393 tuae
426 362 541 394 matris
565 362 719 395 honorem

240 406 332 440 Metu
359 409 601 443 tribulationum

241 454 344 489 Cordi
367 466 440 490 meo
468 458 510 490 da
534 458 687 500 vigorem.

144 523 225 556 939.
241 522 390 564 Vigorem
418 528 492 557 tuae
518 526 642 567 gratiae

240 571 301 613 Da,
329 576 442 615 mater,
468 577 505 605 ut
529 575 724 617 convaleam,

239 619 353 653 Donec
378 622 421 653 sit
447 630 563 663 corpus
589 621 693 655 furiae

238 668 377 702 Missum
402 670 435 702 in
461 672 569 703 terrae
595 670 731 707 foveam,

840 316 919 350 940.
935 315 1076 349 Foveam
1102 320 1207 349 autem
1233 315 1329 349 inferi

934 363 1051 397 Subire
1078 366 1216 397 animam
1241 374 1346 397 meam

933 411 1007 445 Non
1031 413 1212 455 permittas,
1240 422 1313 454 spes
1339 413 1460 453 miseri,

936 459 1002 492 Sed
1027 461 1131 494 eleves
1158 471 1282 494 sursum
1310 471 1390 494 eam.

840 528 919 560 941.
934 527 1016 560 Eam
1042 530 1155 561 tenens
1180 529 1327 569 superius

933 576 998 609 Per
1022 580 1134 608 sancta
1161 577 1334 618 desideria,

933 623 1021 663 Quae
1046 624 1161 657 recolit
1185 623 1321 658 inferius

934 671 990 714 Te,
1018 672 1135 714 Maria,
1163 682 1233 705 cum
1260 673 1372 714 gloria.

494 738 575 772 942.
591 737 704 771 Gloria
727 737 900 771 ineffabilis

588 786 672 829 Tibi,
700 787 818 828 Maria,
845 787 974 827 iugiter,

588 834 657 874 Qua
681 843 759 875 gens
785 835 1029 868 innumerabilis

588 882 755 915 Gloriatur
780 882 929 918 feliciter.

747 969 865 1003 XCIV.

141 1037 222 1069 943.
239 1035 363 1080 Venite,
391 1037 590 1068 exsultemus

234 1085 273 1117 In
298 1084 449 1117 laudibus
476 1085 668 1128 salvatricis,

234 1133 446 1166 Procidentes
472 1133 644 1166 adoremus

235 1181 332 1222 Spem
359 1181 486 1214 animae
511 1182 717 1222 peccatricis.

138 1249 219 1282 944.
236 1249 432 1281 Peccatricis
459 1247 611 1290 familiae,

236 1297 488 1331 Commendatae
513 1306 612 1337 saepe
637 1297 708 1338 tibi,

231 1347 368 1390 Memor,
392 1349 505 1385 mater,
533 1347 577 1378 sis
603 1346 711 1390 hodie,

234 1395 373 1427 Peccata
398 1395 567 1427 remittens
592 1394 665 1427 sibi.

135 1463 216 1497 945.
233 1462 302 1495 Sibi
328 1462 397 1495 fere
423 1462 632 1506 praecipiam,

232 1511 280 1543 Te
304 1512 420 1543 turbae
445 1514 561 1552 petunt
585 1510 759 1554 hominum,

235 1561 282 1594 Ut
307 1560 421 1592 horum
444 1559 658 1601 ignorantiam

234 1609 380 1641 Excuses
406 1608 494 1649 apud
519 1608 702 1643 Dominum,

134 1677 214 1710 946.
232 1676 405 1709 Dominum
431 1676 540 1709 Iesum
566 1674 700 1708 offendit

232 1725 389 1757 Abatissa
412 1725 606 1765 mortaliter,

231 1775 311 1808 Cum
337 1776 464 1806 tentata
490 1773 722 1806 condescendit

230 1821 389 1864 Dapifero
416 1823 602 1855 carnaliter.

135 1892 217 1925 947.
232 1891 479 1932 Carnaliterque
505 1891 654 1931 concepit

229 1939 280 1972 De
305 1948 400 1972 servo
426 1948 483 1972 suo
508 1940 697 1981 masculum,

230 1988 321 2028 Quod
347 1997 422 2020 mox
447 1989 594 2021 revelare
620 1988 727 2029 coepit

230 2038 413 2071 Conventus
440 2036 679 2070 offendiculum.

130 2107 212 2140 948.
227 2105 465 2139 Offendiculum
490 2107 627 2139 audiens

225 2155 300 2188 Hoc
324 2155 457 2195 praesul
482 2164 502 2186 a
526 2155 704 2195 sororibus,

225 2204 310 2236 Illuc
337 2203 469 2244 privare
492 2204 625 2236 veniens

227 2252 355 2293 Cogitat
381 2252 465 2285 hanc
490 2252 677 2286 honoribus,

126 2322 208 2356 949.
225 2321 413 2354 Honoribus
440 2330 517 2354 vero
541 2321 651 2354 multis

223 2370 280 2412 Te,
307 2370 427 2413 Maria,
452 2371 534 2403 haec
559 2371 722 2403 honorans

226 2419 319 2452 Curis
347 2420 423 2452 totis
450 2423 527 2452 tunc
551 2419 688 2459 sepultis

226 2468 336 2501 Solum
362 2468 446 2509 fugit
470 2468 512 2501 ad
539 2472 571 2501 te
597 2476 703 2501 orans,

839 1037 920 1070 950.
935 1037 1039 1070 Orans
1064 1046 1140 1079 ergo
1166 1047 1237 1070 cum
1260 1036 1389 1071 fletibus

933 1086 1019 1118 Ante
1044 1088 1132 1118 tuam
1157 1086 1329 1128 imaginem

932 1133 1148 1167 obdormiens
1172 1135 1207 1167 in
1228 1135 1380 1175 precibus

930 1181 1071 1215 Mariam
1097 1183 1181 1216 vidit
1205 1183 1373 1223 virginem.

836 1250 915 1283 951.
931 1249 1097 1290 Virginem
1123 1254 1155 1282 te
1179 1250 1268 1291 loqui
1293 1251 1356 1283 sibi

929 1298 1067 1331 Audivit
1093 1302 1125 1330 et
1149 1299 1349 1341 praecipere,

929 1345 976 1380 Ut
1000 1347 1105 1388 angeli
1133 1347 1249 1380 darent
1271 1347 1318 1379 ibi

930 1396 1096 1427 Auxilium
1121 1404 1312 1437 puerperae,

834 1464 915 1496 952.
931 1463 1118 1504 Puerperae
1142 1473 1217 1497 mox
1241 1464 1386 1503 genitum

929 1513 1048 1552 Angeli
1075 1512 1331 1552 deportaverunt

930 1560 985 1593 Ad
1011 1561 1177 1593 eremitam
1202 1560 1359 1600 inclitum,

930 1609 989 1643 Cui
1015 1608 1189 1641 fovendum
1216 1610 1458 1644 commiserunt.

835 1677 917 1709 953.
933 1676 1169 1710 commiserunt
1195 1678 1362 1718 septennio

929 1725 1026 1758 Illum
1051 1725 1102 1758 illi
1125 1731 1159 1757 te
1182 1726 1330 1766 volente3

930 1774 955 1807 Ο
981 1774 1100 1814 Maria,
1127 1774 1205 1815 quid
1231 1774 1337 1817 audio,

927 1822 1012 1863 Quid
1038 1823 1107 1862 agis
1131 1823 1165 1855 in
1190 1827 1224 1854 te
1250 1821 1400 1856 colente?

831 1891 909 1924 954.
928 1890 1043 1924 Olente
1068 1891 1264 1931 graviditate

926 1939 1016 1971 Duos
1041 1939 1130 1972 misit
1154 1939 1284 1979 praesul
1310 1940 1408 1980 viros,

926 1988 987 2027 Qui
1012 1989 1096 2020 uteri
1121 1991 1292 2021 accusatae

924 2036 1117 2070 Retuleruut
1140 2037 1228 2069 visus
1255 2037 1362 2069 miros.

828 2105 908 2139 955.
921 2105 1026 2138 Miros
1051 2105 1195 2138 reddunt
1220 2113 1278 2145 per
1295 2108 1445 2146 aspectus

923 2154 1069 2186 Praesuli
1093 2153 1214 2194 probra
1241 2154 1355 2196 denuo,

922 2202 984 2242 Qui
1007 2202 1135 2235 veniam
1160 2202 1200 2234 ob
1228 2201 1375 2235 defectus

922 2251 1010 2284 Petit
1034 2250 1074 2284 ab
1100 2251 1161 2285 hac
1187 2251 1348 2285 continuo.

826 2320 906 2354 956.
923 2320 1146 2361 Continuoque
1174 2319 1257 2352 deici

922 2369 1072 2401 Aemulas
1100 2369 1167 2401 eius
1194 2369 1305 2410 voluit,

921 2417 985 2452 Sed
1012 2418 1158 2451 abatissa
1183 2418 1322 2460 supplici

921 2467 1022 2499 Prece
1047 2476 1162 2509 pacem
1187 2467 1335 2501 obtinuit.
