1655 2726
266 220 322 253 23.

268 549 323 582 24.

265 876 323 908 25.

266 1203 321 1235 26.

263 1529 320 1562 27.

261 1857 317 1890 28.

258 2196 314 2229 29.

348 220 430 261 Ave,
449 221 483 252 in
501 230 594 261 quam
611 221 748 253 mundus
761 223 881 261 sperat,

349 269 386 301 In
413 277 476 309 qua
500 268 587 301 Deus
613 277 740 309 semper
766 271 835 301 erat

398 318 551 350 Premens
566 325 690 349 omnem
703 317 882 358 strepitum,

349 366 379 396 A
406 367 543 397 venante
565 373 607 396 ne
631 363 782 397 fallamur

350 413 418 445 Aut
441 415 585 445 torrente
613 413 845 454 demergamur,

399 461 552 494 Nostrum
577 470 654 503 rege
677 461 836 502 spiritum.

350 550 431 590 Ave,
458 546 552 580 firma
578 550 610 580 et
633 549 766 581 immota

350 596 396 629 Ut
419 605 510 628 mons
537 596 624 635 Sion,
649 599 755 628 mente
780 600 848 629 tota

400 644 514 677 Verbis
539 644 602 676 Dei
628 645 768 684 credula,

349 692 399 725 Ne
423 703 443 725 a
468 692 560 724 nobis
585 693 677 733 regni
702 696 819 725 sortem

349 741 468 779 Tollat‚
495 740 618 780 virgam
642 740 744 773 hostis
767 740 883 773 fortem

397 789 510 821 Flecte
534 797 633 829 prece
657 789 779 822 sedula.

349 875 431 914 Ave,
459 883 535 906 vere
558 875 743 918 iucundata,

349 924 434 963 Quae
460 931 530 954 cum
554 922 681 955 Christo
710 932 742 955 es
766 924 881 966 locata,

394 970 524 1003 Laudas
549 970 635 1003 hunc
659 972 798 1014 assidue,

350 1019 398 1052 Ut
423 1018 507 1060 quod
532 1017 644 1051 flentes
667 1020 870 1061 seminamus,

348 1066 559 1099 Exsultantes
585 1067 645 1099 hoc
667 1070 834 1109 metamus,

398 1115 422 1148 O
448 1114 565 1156 Maria,
590 1115 705 1149 tribue,

348 1202 429 1245 Ave,
460 1201 573 1234 domus
600 1200 758 1234 fabricata

346 1249 392 1282 Et
415 1248 493 1282 urbs
520 1248 615 1282 fortis
641 1252 830 1282 conservata

396 1298 457 1330 Dei
482 1298 652 1337 sapientia,

346 1347 394 1380 Ut
418 1345 553 1378 heredes
581 1345 699 1378 Christi
725 1347 833 1386 simus,

346 1393 428 1426 Dum
439 1402 498 1434 per
506 1403 650 1425 somnum
659 1394 735 1425 hinc
745 1394 879 1435 abimus,

393 1443 464 1474 Tua
489 1442 544 1473 «let
569 1442 750 1476 clementia.

346 1529 428 1569 Ave,
454 1528 540 1560 mitis
567 1531 599 1559 et
623 1528 727 1570 beata,

345 1576 395 1608 Tu
421 1585 454 1609 es
480 1576 555 1608 vitis
581 1574 754 1608 fecundata

392 1625 523 1657 Botrum
551 1624 650 1665 Cypri
675 1633 842 1665 generanS‚

344 1673 405 1713 Qui
428 1674 464 1705 in
488 1673 591 1704 crucis
614 1681 746 1713 pressus
764 1674 855 1713 prelo

346 1720 523 1754 Benedicat
548 1730 606 1753 nos
632 1730 649 1753 e
675 1721 762 1753 caelo

393 1769 539 1810 Regnum
561 1778 621 1809 per
645 1771 678 1800 te
703 1777 860 1802 reserans.

343 1857 423 1901 Ave,
451 1858 553 1888 mater
577 1854 730 1897 flagellati

343 1906 406 1939 Pro
431 1904 523 1937 nobis
550 1906 582 1936 et
607 1905 782 1945 expugnati

390 1954 420 1985 A
445 1953 610 1995 primaevo
635 1956 790 1993 tempore,

343 2002 403 2042 Qui
427 2010 600 2042 pravorum
628 2001 718 2033 collis
744 2001 854 2033 stratis

343 2051 390 2083 Te
413 2052 568 2090 precante
594 2049 737 2081 caritatis

389 2098 456 2131 Nos
483 2098 597 2130 dilatet
621 2096 763 2129 foenore.

341 2196 420 2240 Ave,
450 2195 589 2227 clamans
617 2195 658 2227 de
682 2192 853 2234 profundis

340 2245 394 2277 Ad
420 2246 538 2286 lesum,
565 2243 619 2283 qui
644 2243 683 2275 ab
702 2243 874 2275 immundis

388 2293 436 2325 Te
462 2292 635 2324 clementer
660 2291 752 2332 eruit,

341 2341 399 2380 Qui
426 2350 483 2374 nos
510 2341 637 2373 solvens
663 2349 683 2372 a
707 2340 849 2381 peccatis

340 2390 487 2430 Regnum
512 2398 572 2430 per
597 2391 629 2421 te
648 2389 745 2421 donet
762 2388 873 2430 gratis,

389 2438 480 2478 Quod
505 2438 538 2469 in
565 2447 659 2470 cruce
682 2437 808 2471 meruit.

956 222 1011 254 30.

955 549 1010 582 31.

954 877 1009 909 32.

955 1204 1009 1237 33.

955 1531 1010 1563 34.

948 1859 1003 1891 35.

948 2196 1003 2229 36.

1041 222 1120 260 Ave,
1147 220 1216 252 visu
1244 219 1432 260 columbina,

1040 269 1144 302 Corde
1168 268 1305 309 simplex
1331 271 1363 299 et
1390 266 1502 299 divina

1085 318 1279 357 Incessuque
1303 315 1444 357 humilis,

1036 365 1226 398 Ablactanti
1251 374 1269 397 o
1294 368 1441 407 patrona,

1040 413 1212 447 Caritatem
1237 413 1331 445 nobis
1358 412 1442 445 dona

1085 463 1124 495 In
1149 470 1240 502 spem
1265 462 1352 494 vitae
1374 459 1510 492 stabilis.

1037 549 1117 589 Ave,
1144 548 1319 588 splendens
1343 541 1379 579 u't
1402 547 1543 586 lucerna,

1035 597 1074 629 In
1093 607 1156 637 qua
1173 596 1330 635 Christus,
1350 595 1404 627 lux
1418 603 1569 635 superna,

1084 644 1191 677 David
1219 644 1328 685 explet
1351 642 1492 686 foedera,

1035 693 1155 725 Aulam
1180 693 1247 724 eius
1272 693 1314 724 ad
1340 691 1525 724 intrandum

1035 741 1080 773 Et
1105 742 1147 773 ad
1172 740 1272 780 pedes
1299 740 1496 772 adorandum

1084 789 1205 822 Nostra
1228 798 1332 830 purga
1356 788 1489 820 scelera.

1037 876 1117 917 Ave,
1145 875 1275 915 cingens
1303 875 1481 908 velamento

1038 923 1150 957 Carnis
1161 922 1332 962 Christum,
1344 923 1395 963 qui
1409 925 1571 963 unguento

1083 972 1131 1004 Te
1154 969 1303 1011 perfudit
1327 971 1462 1012 gratiae,

1038 1019 1083 1052 Ut
1105 1019 1271 1052 laudemus
1296 1022 1330 1050 te
1352 1019 1500 1063 iucunde,

1036 1068 1075 1100 In
1100 1067 1254 1107 fraterna,
1278 1067 1329 1109 da,
1355 1070 1392 1098 ut
1416 1067 1535 1099 munde

1087 1115 1319 1149 Conversemur
1341 1115 1419 1148 acie.

1036 1204 1117 1244 Ave,
1144 1210 1202 1243 per
1227 1211 1323 1242 quam
1347 1203 1433 1235 servi
1458 1202 1520 1235 Dei

1038 1251 1154 1284 Omnes
1179 1250 1374 1282 benedicunt
1401 1251 1429 1282 ei

1085 1298 1197 1331 Choris
1223 1307 1292 1330 cum
1319 1299 1482 1343 angelicis,

1036 1347 1239 1380 Extollentes
1264 1347 1307 1378 ad
1333 1349 1365 1378 te
1390 1356 1502 1380 manus

1036 1395 1147 1434 Serva,
1174 1394 1276 1426 hostis
1302 1404 1343 1427 ne
1367 1394 1522 1435 profanus

1083 1443 1204 1484 Regnis
1229 1443 1337 1483 privet
1361 1444 1500 1479 caelicis.

1036 1531 1119 1570 Ave,
1146 1529 1237 1571 virgo
1262 1529 1398 1562 laudans
1424 1540 1523 1564 suave

1032 1579 1108 1611 Iesu
1132 1586 1257 1621 nomen,
1285 1579 1371 1618 quod
1395 1579 1531 1620 ignavae

1080 1626 1201 1659 Mentis
1227 1624 1318 1667 fugat
1342 1627 1503 1669 tenebras,

1033 1675 1107 1707 Hoc
1129 1677 1167 1706 ut,
1188 1676 1294 1706 tecum
1317 1676 1546 1714 collaudemus,

1034 1722 1095 1765 Da,
1121 1726 1158 1755 ut
1182 1722 1290 1755 hostes
1317 1732 1503 1763 superemus

1083 1770 1260 1811 Carnisque
1282 1772 1465 1806 illecebras.

1030 1858 1112 1900 Ave,
1140 1858 1228 1890 clara
1253 1858 1308 1890 lux
1335 1859 1411 1900 diei,

1032 1905 1182 1939 Gaudens
1209 1905 1371 1939 confiteris
1398 1909 1437 1950 ei,

1080 1955 1140 1994 Qui
1165 1953 1245 1987 facit
1267 1956 1439 2000 mirabilia,

1031 2003 1068 2035 111
1094 2007 1259 2036 aeternum
1284 2012 1383 2044 prece
1407 2010 1463 2039 tua

1031 2051 1099 2084 Nos
1126 2055 1294 2084 conservet
1317 2053 1420 2086 virtus
1446 2065 1505 2089 sua

1078 2100 1124 2132 Et
1147 2099 1380 2137 misericordia.

1030 2196 1110 2239 Ave,
1138 2206 1219 2238 quae
1244 2198 1278 2230 in
1303 2200 1476 2240 peregrina

1030 2245 1133 2277 Terra
1157 2254 1251 2278 sacra
1276 2250 1308 2278 et
1335 2247 1446 2282 divina

1079 2293 1231 2326 Cecinisti
1258 2296 1411 2338 carmina,

1029 2341 1075 2375 Ut
1098 2342 1132 2374 in
1158 2342 1271 2382 primis
1296 2353 1508 2385 supernorum

1029 2390 1256 2433 Memoremur,
1284 2402 1304 2424 a
1328 2394 1486 2429 malorum

1077 2439 1145 2472 Nos
1171 2439 1303 2473 absolve
1325 2443 1462 2478 sarcina.
