1655 2726
684 126 920 161 „33-

146 217 202 251 12.
229 218 312 260 Ave,
340 219 430 252 euius

277 268 505 302 misericordia

231 314 336 357 Super
362 316 444 349 vitas

279 366 329 396 est
353 367 548 408 necessaria,

228 411 326 453 Spem
353 412 394 446 de
418 415 475 446 tua

275 470 390 502 gerens
418 461 590 495 dulcedine

225 508 315 542 Levo
339 518 455 542 manus

274 558 309 590 in
334 561 390 591 tuo
415 560 554 593 nomine.

142 635 199 669 13.
224 635 307 680 Ave,
336 635 438 679 virgo,

275 693 371 725 quam
394 685 493 718 laude
518 694 707 729 prosequor,

224 732 357 766 Exaudi
382 742 444 776 me,

274 782 339 826 pia,
368 790 439 814 cum
467 783 633 828 deprecor,

227 830 315 871 Quae
339 830 522 872 triumphas

277 879 317 911 de
341 879 455 912 mortis
479 880 639 924 principe,

224 927 280 959 Me
306 928 347 960 ab
375 928 442 960 eius

273 976 392 1010 timore
416 977 515 1018 eripe.

143 1054 199 1088 14.
225 1054 306 1099 Ave,
333 1056 447 1098 mater,

274 1112 334 1143 per
360 1106 393 1135 te
418 1103 580 1146 propitius

225 1151 314 1184 Tuus
340 1151 433 1184 nobis

274 1201 433 1233 reddatur
456 1199 554 1244 filius,

229 1247 308 1281 Cum
333 1249 366 1281 in
392 1247 457 1281 fine

274 1298 317 1330 ad
344 1307 413 1330 eum
442 1298 551 1331 veniet

227 1345 339 1379 Omnis
365 1354 450 1388 earo,

274 1404 315 1427 ne
340 1397 418 1427 tunc
443 1404 501 1428 nos
528 1394 659 1428 cruciet.

141 1472 197 1506 15.
223 1471 306 1515 Ave,
333 1474 448 1513 potens

268 1521 304 1553 in
331 1522 425 1554 domo
449 1521 591 1564 Domini,

225 1569 388 1602 Psalmum

273 1620 327 1651 tuo
356 1618 499 1651 dicamus
524 1620 655 1665 nomini,

220 1667 285 1700 Per
311 1676 406 1708 quam

273 1714 352 1748 fecit
378 1725 458 1756 opus
484 1715 633 1749 mirabile

221 1764 364 1797 Verbum
386 1764 423 1797 in
447 1766 480 1797 te

269 1812 391 1846 factum
417 1814 556 1847 visibile.

136 1890 191 1925 16.
218 1892 300 1933 Ave,
329 1900 411 1933 quae
435 1892 469 1924 in

266 1943 356 1974 terra
380 1950 439 1974 nos
467 1941 590 1984 dirigis,

219 1989 350 2022 Rationi

270 2038 345 2071 dum
371 2047 500 2071 sensum
526 2039 657 2085 subigis,

220 2086 318 2119 Suum
345 2090 433 2121 terra

266 2138 343 2169 tune
362 2135 503 2171 fructum
524 2137 650 2181 tribuit,

217 2185 255 2218 In
281 2188 315 2218 te
339 2195 470 2219 earnem

266 2243 337 2267 cum
363 2235 496 2268 verbum
521 2235 638 2271 induit.

132 2313 187 2347 1‘7.
216 2315 298 2355 Ave,
326 2313 433 2355 tellus,

263 2363 315 2395 eui
336 2363 553 2397 voluntariam

214 2411 404 2453 Segregavit

261 2461 418 2495 Dominus
444 2462 599 2503 pluviam,

170 2524 289 2548 Dreves
299 2541 305 2551 .
322 2522 448 2547 Psalteria
463 2522 622 2552 Rhythmica.
654 2522 689 2546 11.

931 223 1032 263 Quam
1060 233 1158 266 super
1184 234 1243 258 nos

979 273 1127 305 doctores
1155 273 1279 315 gratiae

929 320 1142 354 Stillaverunt

977 378 996 401 a
1020 369 1083 403 Dei
1108 368 1202 405 faeie.

844 446 899 480 18.
926 448 1007 487 Ave,
1036 447 1076 478 de
1102 457 1164 488 qua

975 495 1082 528 earnis
1107 496 1246 529 cilicium

928 542 1076 576 Christus
1102 553 1230 577 sumens

975 592 1007 625 in
1034 593 1273 634 sterquilinium

924 640 1029 673 Huius
1057 641 1141 673 vitae

977 688 1088 721 venire
1111 690 1214 722 voluit

926 737 971 769 Et
997 737 1038 770 de
1062 737 1130 770 luto

974 785 1128 818 mundum
1154 788 1282 829 eripuit.

845 862 900 897 19.
927 863 1009 904 Ave,
1036 863 1121 905 regis

975 911 1226 954 reclinatorium,

925 959 1034 992 Meum
1062 960 1134 992 veni

972 1008 1008 1040 in
1032 1008 1239 1052 adiutorium,

925 1055 976 1088 Ne
1000 1057 1146 1101 moreris,

973 1105 1031 1137 secl
1058 1105 1120 1137 cito
1146 1105 1260 1150 libera,

924 1152 976 1185 Ne
999 1153 1157 1187 malorum

973 1211 1024 1234 me
1049 1206 1199 1242 prema-nt
1224 1212 1332 1243 opera.

842 1278 897 1313 20.
923 1280 1003 1323 Ave,
1031 1278 1111 1312 felix

973 1328 1095 1361 Christi
1120 1329 1251 1374 solacio,

923 1376 962 1409 In
987 1379 1020 1409 te
1046 1385 1174 1418 semper

970 1434 1043 1458 mea
1068 1427 1218 1471 cantatio,

922 1473 1011 1513 Quae
1036 1472 1124 1507 faeta
1150 1484 1183 1508 es

968 1525 1133 1564 tamquam
1157 1524 1340 1565 prodigium

920 1571 1054 1612 Absque
1078 1572 1151 1612 pari

970 1629 1039 1652 eum
1065 1620 1155 1660 paris
1180 1618 1293 1655 fflium.

1343 1553 1352 1569 7

838 1699 894 1733 21.
917 1699 1000 1740 Ave,
1028 1698 1126 1731 caelis

968 1745 1071 1780 fluens
1096 1747 1230 1790 iustitia,

921 1795 1044 1837 Vellus,
1069 1796 1103 1827 in
1129 1805 1191 1837 quo

971 1845 1140 1877 deseendit
1164 1844 1285 1889 pluvia,

922 1892 1019 1926 Cuius
1045 1895 1153 1925 tamen

967 1942 1072 1975 imber
1096 1942 1276 1984 virgineam

921 1991 994 2024 Non
1020 1991 1139 2032 rigavit

968 2040 1125 2073 humanus
1150 2049 1269 2074 aream.

834 2121 890 2153 22.
918 2119 999 2163 Ave,
1027 2118 1126 2159 plena

966 2168 1122 2201 virtutum
1148 2166 1264 2209 gratia,

918 2217 1020 2258 Quam
1044 2216 1187 2256 suscepit

965 2266 1113 2299 Christus
1138 2265 1172 2296 in
1198 2264 1313 2308 gloria,

915 2314 1040 2347 Bonum
1065 2313 1154 2357 mihi,

961 2364 997 2395 in
1020 2366 1056 2395 te
1078 2371 1169 2403 spem
1193 2371 1325 2406 ponere,

914 2412 979 2445 Per
1005 2420 1099 2453 quam
1124 2411 1227 2445 habeo

964 2462 1005 2495 de
1029 2460 1116 2495 vitae
1141 2469 1282 2495 munere.
