1655 2726
682 124 943 161 —137ffl—

151 220 230 253 125.
245 219 384 253 Mariam
411 221 495 253 hane
520 222 738 262 paenitentem

244 268 428 302 Illustravit
453 268 541 303 Deus
568 275 672 310 pater,

246 317 346 357 Quam
372 318 569 358 praevenisti
597 318 766 351 deflentem

244 366 282 398 In
309 366 422 406 gratiis
449 368 481 398 et
506 369 550 405 tu,
579 370 692 401 mater.

150 434 231 468 126.
246 433 292 468 Et
318 437 364 477 tu,
390 436 502 476 mater,
530 435 721 475 praevenias

246 483 302 515 Me
328 482 361 514 in
387 483 668 517 benedictionibus

248 530 468 572 Coronarique
492 530 594 564 facias

249 579 324 612 Post
348 582 485 612 mortem
511 581 544 613 in
570 580 773 615 caelestibus

844 224 923 258 127.
942 224 1141 258 caelestibus
1169 225 1294 257 deliciis

939 274 1073 306 Fruitur
1097 273 1161 307 iam
1186 273 1360 315 Aegyptia,

939 321 1002 353 Per
1027 325 1060 354 te
1085 322 1174 354 cuius
1200 321 1360 362 suffragiis

938 369 1040 402 Nobis
1066 372 1213 402 servetur
1238 370 1351 411 gloria.

846 437 926 469 128.
943 436 1053 469 Gloria
1080 437 1149 481 tibi,
1179 437 1317 477 domina,

939 485 1026 524 Quae
1052 494 1111 525 per
1136 486 1198 518 iter
1222 485 1393 527 impiorum

938 532 1071 574 Spargis
1097 534 1222 575 gratiae
1245 534 1378 576 semina,

940 581 986 614 Ut
1010 582 1095 614 viam
1118 585 1254 615 noscant
1277 583 1443 615 iustorum.

763 667 855 701 XXI.

147 735 226 768 129.
243 734 331 766 Dens
358 743 458 776 mene,
484 743 535 766 me
561 735 687 774 respice

243 783 305 815 Per
329 782 457 815 Mariae
482 782 645 824 suffragia,

242 830 329 870 Quae
355 830 481 863 habitat
508 830 622 864 deifice

240 879 327 912 Laus
350 879 454 912 Israel
478 879 512 912 in
538 879 651 921 gloria.

146 947 224 981 130.
242 946 356 980 Gloria
380 956 553 987 numquam
580 945 694 980 finiens

238 996 307 1028 Iam
333 1004 398 1027 non
424 998 528 1027 cessat
554 995 683 1038 satiare,

238 1044 323 1084 Quos
350 1042 480 1076 traxisti
506 1043 679 1086 subiciens,

239 1091 264 1124 O
285 1090 404 1130 Maria,
431 1091 496 1132 legi
524 1100 626 1125 carae.

139 1158 220 1193 131.
237 1159 359 1192 Carere
382 1159 508 1200 nolens,
533 1159 655 1202 Maria,

239 1207 374 1247 Templo
401 1212 455 1240 tuo
481 1207 603 1240 Romae
629 1210 753 1241 coetum

234 1256 397 1288 Miracula
420 1256 566 1296 pandens
591 1256 646 1296 pia

236 1304 393 1345 Populum
421 1302 528 1336 fecisti
553 1304 683 1345 laetum,

141 1373 220 1406 132.
235 1372 371 1405 Laetum
399 1372 539 1404 reddens
566 1372 731 1405 Liberium

236 1421 307 1453 Tua
332 1420 537 1461 apparitione

232 1469 277 1501 Et
302 1468 476 1502 Iohannem
503 1469 672 1509 patricium

234 1517 339 1558 Super
364 1517 479 1557 templi
502 1517 654 1552 iussione.

136 1584 380 1620 133.1ussione
406 1588 484 1617 tunc
507 1588 664 1626 percepta

232 1633 335 1666 Duxit
361 1642 448 1675 papa
473 1634 645 1673 patricium

233 1683 373 1716 Caterva
399 1690 507 1715 seeum
533 1686 665 1723 recepta

229 1732 283 1763 Ad
309 1733 448 1763 montem
476 1731 713 1773 superhagium.

135 1800 214 1834 134.
231 1799 466 1841 Superhagium
494 1801 675 1832 contectum

229 1848 376 1889 Augusto
402 1849 476 1881 nive
503 1849 664 1888 viderunt,

228 1898 297 1936 Quo
311 1897 403 1939 signo
417 1898 573 1937 templum
587 1896 768 1937 perfectum

229 1945 313 1988 Tibi,
340 1946 456 1986 Maria,
483 1945 641 1979 feceruut.

133 2015 214 2049 135.
229 2013 415 2047 Exstruunt
438 2014 472 2046 in
497 2015 568 2048 1000
596 2015 680 2048 nivis

227 2063 312 2101 Tibi,
339 2063 457 2103 Maria,
485 2063 598 2103 altare,

226 2113 294 2151 Quo
322 2113 456 2144 mortuis
482 2115 580 2153 atque
605 2113 688 2145 vivis

226 2160 274 2192 Te
300 2160 384 2194 soles
410 2161 655 2194 communicare.

840 735 921 769 136,
936 736 1041 776 Quare
1064 735 1098 767 in
1121 739 1154 768 te
1179 739 1393 777 speraverunt

933 783 1058 826 Patres,
1084 785 1163 817 inde
1186 793 1251 816 non
1278 784 1416 826 decepti,

936 832 988 864 Ad
1015 835 1047 864 te
1072 833 1119 864 rei
1145 832 1366 865 clamaverunt

934 880 979 912 Et
1004 880 1138 913 salutem
1166 883 1241 913 sunt
1265 880 1387 921 adepti.

840 948 918 981 137.
934 947 1056 989 Adepti
1083 951 1158 980 sunt
1181 948 1349 980 seientiam

934 996 996 1028 Per
1020 999 1053 1028 te
1078 997 1180 1038 multi,
1208 996 1293 1029 sicut
1316 997 1397 1042 lego,

935 1043 1065 1076 Cunctis
1093 1044 1151 1076 das
1177 1047 1209 1075 te
1233 1045 1420 1087 propitiam,

932 1091 975 1124 Et
1001 1100 1131 1132 peream
1156 1101 1282 1133 pauper
1309 1093 1393 1135 ego?

836 1159 916 1194 138.
931 1159 1001 1200 Ego
1027 1162 1135 1192 autem
1161 1158 1266 1192 faetus
1290 1162 1422 1202 vermis,

930 1207 969 1240 In
995 1208 1125 1249 populis
1150 1207 1299 1250 abiectio,

930 1255 997 1295 Quo
1025 1256 1183 1289 divertam
1207 1257 1272 1290 iam
1298 1257 1439 1301 inermis,

930 1304 1003 1337 Nisi
1028 1305 1070 1338 ad
1095 1308 1137 1346 te,
1166 1305 1230 1338 dux
1256 1305 1374 1338 devio?

835 1372 916 1407 139.
932 1371 1034 1405 Devio
1060 1374 1177 1405 mentis
1204 1374 1326 1406 erranti

928 1421 1020 1465 Asta,
1048 1421 1165 1461 Maria,
1192 1421 1322 1463 iugiter,

929 1469 979 1501 Ne
1004 1479 1040 1502 se
1064 1469 1125 1501 tibi
1153 1470 1392 1503 commendanti

929 1518 1084 1559 Iungatur
1111 1518 1213 1551 hostis
1238 1519 1398 1560 nequiter.

832 1586 912 1619 140.
929 1585 1086 1626 Nequiter
1109 1585 1354 1626 malignantium

927 1634 1063 1667 Obsedit
1087 1644 1138 1666 me
1164 1635 1347 1676 consilium,

926 1682 973 1716 Et
998 1683 1082 1723 quod
1108 1693 1128 1716 a
1153 1691 1204 1716 me
1229 1684 1408 1716 subsidium

929 1731 1000 1763 Non
1034 1731 1174 1774 elonges,
1201 1741 1287 1764 mors
1314 1732 1464 1768 hostium.

832 1799 911 1833 141.
926 1799 1076 1833 Hostium
1104 1800 1213 1833 datum
1239 1800 1387 1833 manibus

926 1849 1061 1881 Versum
1084 1849 1274 1881 monachum
1297 1850 1465 1882 sacristam

926 1896 1093 1930 Suscitans
1116 1898 1181 1930 tuis
1207 1897 1369 1939 precibus,

926 1945 978 1979 Da
996 1946 1096 1979 vitam
1114 1948 1189 1986 post
1205 1950 1340 1979 mortem
1357 1947 1463 1981 istam.

830 2014 911 2048 142.
924 2014 1026 2048 Istam
1051 2014 1153 2047 vitam
1178 2014 1309 2055 plenam
1333 2018 1437 2047 morte

926 2062 1083 2103 Spernam
1113 2068 1144 2095 et
1168 2063 1235 2096 eius
1262 2062 1387 2096 facinus

926 2112 990 2146 Per
1015 2115 1057 2157 te,
1086 2113 1135 2144 cui
1161 2112 1275 2145 salutis
1300 2115 1416 2153 portae

928 2160 1042 2194 Glaves
1071 2160 1230 2193 commisit
1254 2160 1421 2195 Dominus.

740 2238 850 2272 XXII.

130 2308 209 2342 143.
225 2306 396 2350 Dominus,
419 2310 527 2341 rector
552 2308 703 2348 omnium,

223 2356 328 2389 Homo
358 2357 397 2389 de
422 2361 464 2398 te,
490 2358 592 2400 virgo,
620 2362 727 2398 natus,

222 2405 290 2438 Det
315 2414 408 2439 omne
433 2406 653 2439 necessarium

224 2455 319 2499 Mihi,
347 2464 388 2487 ne
412 2456 471 2488 sim
498 2456 723 2489 venumdatus

831 2308 911 2343 144.
926 2306 1149 2341 Venumdatus
1175 2306 1366 2340 multociens

922 2356 1093 2390 Avaritiae
1118 2356 1182 2387 iam
1208 2353 1290 2401 foco,

922 2404 1043 2445 Maria,
1071 2405 1187 2437 multos
1213 2403 1336 2438 faciens

922 2453 969 2487 Te
994 2454 1108 2487 invoco
1133 2454 1261 2487 iunctus
1287 2455 1369 2490 loeo.
