1655 2726
773 151 1028 187 -140—

241 249 319 282 181.
334 248 557 290 Reproborum
584 249 756 289 spirituum

333 296 491 329 Horribili
517 296 670 329 saevitiae

333 344 406 377 Non
431 344 557 386 linquas
582 345 640 377 tibi
669 355 828 390 cernuum,

331 392 446 435 Maria,
475 394 527 425 lex
553 394 751 427 clementiae.

240 470 318 503 182.
335 470 530 503 Clementiae
555 479 686 502 servans
712 479 826 512 seram,

333 518 433 550 Plena
457 526 547 558 pace.
573 519 670 558 plena
690 518 768 561 Deo,

332 565 410 606 Fac,
436 565 569 598 habeam
597 575 710 607 pacem
736 576 844 599 veram

333 613 412 646 Cum
436 615 582 655 proximo
608 623 736 655 semper
761 624 842 651 meo.

239 691 318 724 183.
332 689 407 722 Meo
432 689 501 722 sine
526 691 617 723 vultu
642 694 695 723 tuo

331 738 387 770 Me
413 737 578 771 circumda
602 739 736 782 laetitia,

333 785 491 818 Clericum
515 787 548 818 in
573 786 638 819 fine
662 796 718 819 suo

332 832 526 867 Laetificans
552 843 621 867 cum
647 835 759 875 gloria.

927 250 1006 283 184.
1023 248 1134 281 Gloria
1158 247 1228 290 tibi,
1257 245 1394 285 domina,

1020 297 1083 330 Per
1106 296 1234 328 saecula
1257 294 1468 333 saeculorum,

1020 347 1119 384 Quam
1145 343 1326 385 glorificant
1351 341 1481 382 agmina.

1020 393 1197 434 Spirituum
1222 392 1399 424 beatorum.

924 471 1003 504 185.
1018 470 1159 502 'l'horum
1187 469 1269 501 enim
1292 468 1326 500 in
1353 466 1478 499 delictis

1019 518 1184 561 Nosciens⁷
1210 518 1301 558 virgo
1327 515 1443 558 Maria,

1020 566 1181 598 Gabrielis
1208 566 1341 598 credens
1369 563 1464 595 dictis

1017 614 1063 646 Es
1090 613 1202 646 effecta
1226 617 1329 646 mater
1355 612 1419 645 dia.

926 692 1005 724 186.
1020 690 1192 723 Diabolum
1218 689 1362 731 effugasti

1019 738 1089 770 Tua
1110 738 1315 772 oboedientia

1019 786 1064 818 Et
1087 786 1231 819 homines
1256 785 1425 826 revocasti,

1019 835 1154 875 Angelis
1181 835 1318 877 gliscens
1344 833 1456 875 gloria.

583 912 662 945 187.
678 910 793 943 Gloria
807 910 878 950 tibi,
904 910 1022 951 Maria,

677 959 777 998 Quam
805 958 937 991 Gabriel
961 958 1124 998 salutavit,

676 1007 772 1039 Cuius
799 1015 895 1038 carne
919 1016 1010 1047 pura,
1036 1006 1092 1046 pia

674 1054 752 1087 Sese
776 1055 864 1087 Deus
890 1054 1079 1087 incarnavit.

811 1141 967 1175 XXVIII.

237 1209 314 1242 188.
333 1207 457 1240 Afferte
482 1217 566 1241 nunc
593 1218 661 1240 cum
686 1209 794 1241 Maria

331 1256 451 1288 Preces
476 1257 517 1289 ad
543 1257 649 1289 Iesum
675 1257 771 1289 hodie

332 1304 490 1336 Memoria
513 1314 573 1344 pro
598 1314 650 1336 me
672 1306 735 1347 pia,

335 1351 428 1384 Cives
456 1352 603 1384 caelestis
632 1353 767 1392 patriae.

243 1429 320 1462 189.
337 1428 452 1462 Curiae
477 1437 586 1461 servos
611 1429 769 1461 caelorum

335 1476 459 1508 Facere
484 1475 691 1509 festivitatem

333 1524 470 1556 Audivit
495 1525 625 1565 quidam
648 1529 826 1557 sanctorum

333 1572 371 1604 In
397 1575 484 1604 tuam
509 1573 721 1606 nativitatem.

241 1649 319 1683 190.
334 1649 555 1691 Nativitatem,
575 1650 694 1693 Maria,

332 1697 434 1729 Tuam
458 1707 550 1730 nemo
575 1701 653 1730 tunc
678 1699 811 1740 colebat,

332 1746 450 1778 Adhuc
475 1746 558 1778 enim
581 1745 662 1778 fides
687 1747 742 1787 pia

331 1793 412 1826 Eius
438 1793 521 1826 diem
547 1794 721 1829 nesciebat.

241 1869 518 1910 191.Nesciebat,
547 1872 622 1911 quid
649 1871 789 1912 signaret

334 1919 438 1951 Melos
463 1919 491 1951 is
516 1920 566 1952 vir
592 1920 780 1961 angelicum,

335 1967 412 2000 Cum
441 1968 573 1999 caelitus
599 1968 674 1999 huic
698 1974 828 2002 sonaret

332 2015 484 2047 Divinum
509 2018 633 2047 tantum
654 2017 824 2051 canticum.

238 2094 318 2126 192.
334 2092 500 2125 Canticum
527 2096 618 2125 erant
643 2096 808 2126 cantantes

333 2141 450 2181 Angeli
476 2146 529 2173 tuo
555 2142 665 2182 natali,

334 2189 436 2221 Nobis
462 2193 570 2222 natam
597 2190 799 2230 designantes

333 2238 380 2270 Te
403 2237 542 2270 Mariam
569 2238 621 2270 die
645 2238 712 2270 tali.

240 2316 317 2350 193.
333 2315 405 2347 Tali
430 2313 513 2348 festo
538 2316 681 2347 revelato

332 2363 431 2396 Sexto
454 2365 534 2398 Idus
560 2363 795 2405 Septembrium

329 2412 382 2445 Ab
411 2414 495 2445 omni
522 2413 583 2446 coli
608 2415 719 2445 renato

331 2462 458 2494 Iussum
483 2465 531 2494 est
555 2462 617 2494 hoc
641 2460 841 2495 sollennium.

925 1208 1004 1242 194.
1021 1208 1217 1241 Sollennium
1242 1218 1328 1241 nunc
1352 1210 1469 1242 natalis

1019 1256 1080 1288 Tui
1107 1256 1214 1289 colunt
1235 1258 1398 1298 ecclesiae,

1019 1304 1135 1344 Maria,
1163 1314 1236 1345 spes
1261 1306 1463 1350 immortalis,

1018 1351 1131 1384 Honor
1157 1354 1303 1386 caelestis
1331 1355 1448 1386 curiae.

926 1429 1004 1463 195.
1022 1428 1135 1462 Curiae
1161 1440 1285 1472 quoque
1310 1432 1474 1464 Romanae

1019 1477 1083 1509 Diu
1109 1478 1208 1511 clausi
1233 1480 1446 1520 persistentes

1021 1525 1208 1559 Cardinales
1233 1536 1294 1568 per
1318 1531 1351 1560 te
1376 1538 1454 1561 sane

1018 1573 1195 1615 Elegerunt
1219 1579 1250 1608 te
1275 1580 1433 1616 petentes.

927 1652 1004 1684 196.
1020 1652 1231 1694 Petentesque
1254 1654 1408 1694 piet-atem

1017 1699 1117 1731 Tuam
1143 1702 1241 1733 solvis
1268 1703 1446 1745 celerrime,

1019 1747 1147 1780 Octavis
1171 1750 1373 1783 nativitatem

1020 1795 1176 1829 Ornantes
1202 1807 1297 1831 ornas
1322 1801 1471 1836 maxime.

925 1873 1002 1907 197,
1019 1873 1160 1907 Maxime
1183 1884 1251 1916 vos,
1277 1878 1380 1910 sancti
1406 1878 1479 1921 Dei,

1020 1923 1158 1961 Quorum
1185 1933 1243 1965 ago
1266 1927 1463 1969 memoriam,

1018 1970 1178 2004 Memores
1205 1976 1307 2005 estote
1332 1976 1391 2007 mei

1020 2019 1192 2054 Poscentes
1217 2022 1296 2054 mihi
1319 2025 1458 2058 veniam.

925 2095 1003 2128 198.
1019 2096 1218 2139 Veniamque
1243 2105 1451 2140 peccatorum

1018 2144 1102 2177 Meis
1128 2145 1391 2182 benefactoribus

1018 2193 1186 2236 Impetres,
1220 2200 1333 2230 sancta
1358 2202 1543 2233 sanctorum

1018 2241 1091 2274 Una
1118 2251 1186 2276 cum
1213 2247 1334 2278 sanctis
1360 2248 1518 2283 omnibus
1547 2227 1554 2243 '

925 2319 1004 2352 199.
1020 2319 1172 2354 Omnibus
1198 2324 1234 2354 tu
1260 2331 1293 2354 es
1318 2326 1471 2369 sanctior,

1016 2367 1061 2399 Et
1087 2371 1118 2400 te
1144 2371 1267 2402 cunctis
1289 2372 1363 2411 plus
1390 2374 1530 2407 laudabo

1017 2416 1136 2459 Teque,
1165 2418 1262 2450 caelis
1289 2421 1458 2464 excelsior,

1018 2465 1065 2499 Ut
1090 2467 1224 2509 exalter,
1253 2468 1413 2502 exaltabo.
