1655 2726
193 212 248 245 39.

192 600 250 634 41.

193 921 250 954 42.

186 1239 242 1272 43.

185 1558 245 1592 44.

186 1880 243 1912 45.

711 120 972 155 -219—

277 212 340 245 Hic
365 222 423 245 nos
450 223 564 254 magno
591 220 791 249 sacramento

281 262 338 294 Vir
362 265 418 294 tau
443 263 551 303 signat
574 267 764 304 atramento,

326 310 420 343 Vidit
442 311 506 344 hoc
527 310 692 354 Ezechiel,

276 358 344 391 Nos
369 368 390 391 a
414 362 519 392 morte
544 359 700 394 liberatos

276 405 353 439 Sine
376 405 441 439 fine
464 407 518 440 fac
542 407 664 453 beatos,

323 455 511 500 Precamur,
536 456 705 493 Emanuel.

824 537 863 570 V.

277 601 341 633 Hic
367 610 438 634 cum
465 603 608 637 vestibus
634 603 803 644 sordescit,

277 650 368 683 Iesus
393 651 497 691 gloria
520 652 593 692 plus
620 653 738 684 crescit

326 699 401 732 Iesu
425 700 587 740 quondam
611 701 778 740 Iosedech,

276 746 450 781 Zacharias
476 747 685 792 obstupescit,

279 794 491 828 Sacerdotum
517 797 598 829 ritus
626 797 731 840 cessit,

322 844 438 876 Manet
460 845 515 877 hic
537 845 792 878 Melchisedech.

278 920 343 953 Hic
368 922 473 954 coloni
497 923 672 956 truculenti

271 968 357 1001 Huic
381 969 495 1003 heredi
521 971 664 1004 venienti

323 1017 507 1051 Occurrunt
532 1020 696 1057 atrociter,

272 1064 374 1104 Quem
397 1065 432 1098 in
456 1067 552 1099 vinea
575 1069 795 1109 prosternunt,

272 1112 320 1145 Ut
346 1114 457 1146 devoti
480 1114 531 1146 sui
555 1118 693 1147 cernunt

321 1161 528 1196 Ruminando
556 1163 704 1197 dulciter.

270 1238 334 1271 Hic
359 1239 433 1282 pius
459 1240 681 1273 Samaritanus

273 1287 477 1321 Monstratur
500 1289 635 1321 multum
653 1289 810 1322 humanus

318 1336 496 1370 Vulnerato
521 1337 659 1377 homini3

271 1384 297 1417 Ο
322 1385 439 1417 mirum
463 1385 733 1418 medicamentum

269 1432 315 1464 Et
342 1442 436 1474 quam
456 1435 545 1475 pium
571 1437 621 1467 est
643 1434 808 1468 inventum

321 1481 424 1514 Ferre
451 1491 576 1515 crucem
601 1483 749 1516 Domini!

271 1557 337 1590 Hic
360 1567 393 1592 et
416 1563 529 1601 pastor
553 1560 669 1602 grandi
695 1570 771 1594 cura

271 1606 405 1646 Quaerit
430 1618 522 1642 ovem
548 1612 581 1641 et
603 1612 668 1642 tam
695 1609 777 1642 dura

318 1655 463 1689 Sustinet
486 1658 642 1699 pericula,

270 1703 347 1737 Ovis
372 1715 534 1747 nunquam
559 1706 597 1739 fit
621 1715 745 1750 secura,

268 1752 311 1784 Ni
338 1754 476 1787 ducatur
499 1756 533 1788 in
557 1759 701 1797 pastura,

318 1802 384 1836 Ubi
407 1803 479 1836 laus
504 1812 565 1845 per
589 1804 727 1837 saecula..

270 1878 335 1912 Hic
358 1889 420 1922 pro
445 1884 531 1923 nato,
557 1882 612 1923 qui
636 1881 787 1924 prodegit

269 1928 395 1962 Cuncta
418 1929 513 1975 bona,
541 1939 614 1963 cum
638 1931 767 1972 peregit

314 1979 431 2011 Veram
457 1979 699 2021 paenitentiam,

267 2025 395 2060 Vitulus
420 2028 644 2069 persaginatus

265 2075 329 2108 Est
354 2076 488 2118 occisus,
516 2086 578 2118 quo
603 2076 642 2111 fit
665 2080 787 2119 gratus,

315 2125 406 2158 Patri
434 2125 491 2159 dat
514 2125 682 2161 laetitiam.

890 220 946 253 40.
973 220 1037 252 Hic
1061 219 1284 253 hebdomadae
1310 219 1432 252 dierum

885 605 942 638 46.

881 923 938 956 47.

880 1240 938 1274 48.

880 1561 937 1595 49.

880 1883 935 1916 50.

972 268 1053 300 Sunt
1064 268 1228 310 impletae,
1247 267 1380 301 verbum
1396 277 1507 301 verum

1019 316 1148 349 Danieli
1172 317 1337 357 panditur,

973 365 1051 397 Post
1063 374 1141 405 quos
1152 364 1298 399 Christus
1313 367 1363 396 est
1371 366 1505 407 occisus,

969 413 1069 445 Totus
1095 413 1232 445 mundus
1258 416 1306 445 est
1331 414 1469 455 gavisus,

1020 461 1124 501 Capta
1147 461 1240 502 plebs
1266 461 1444 495 redimitur.

970 605 994 637 O
1021 614 1115 646 quam
1138 605 1270 647 grandis
1297 604 1360 637 fuit
1382 605 1443 647 ira,

969 652 1038 692 Qua
1068 653 1230 692 placanda
1254 652 1319 685 fert
1343 657 1408 685 tam
1436 653 1508 687 dira

1017 701 1140 734 Summi
1164 701 1249 741 regis
1274 701 1380 733 filius!

969 750 1052 782 Vere
1076 758 1154 790 gens
1181 748 1261 781 haec
1286 752 1336 782 est
1361 750 1473 792 delira,

968 797 1047 830 Cum
1072 806 1133 837 per
1158 806 1284 830 crucem
1309 796 1389 830 facit
1411 798 1502 842 mira,

1016 846 1105 886 Quae
1125 855 1189 878 non
1213 845 1339 887 plangit
1364 847 1502 886 penitus.

966 923 991 955 Ο
1017 926 1052 955 tu
1076 922 1203 955 Christe
1228 923 1405 967 benedicte,

967 971 1031 1004 Cur
1056 974 1091 1002 tu
1115 971 1237 1011 pendes
1262 974 1328 1004 tam
1354 972 1468 1004 relicte

1014 1019 1135 1051 Dolens
1161 1018 1384 1052 amarissime?

966 1066 1031 1099 Sed
1057 1075 1126 1099 cum
1153 1076 1242 1099 amas
1260 1077 1319 1100 nos
1337 1077 1400 1100 non
1418 1067 1501 1112 ficte,

966 1114 1181 1148 Perseverans
1205 1118 1242 1147 tu
1265 1118 1332 1148 tam
1356 1117 1470 1148 stricte

1013 1165 1143 1205 Amore,
1171 1163 1366 1198 dulcissime.

966 1241 991 1274 O
1017 1244 1053 1273 tu
1078 1241 1210 1282 pelagus
1236 1242 1366 1286 amoris,

967 1288 1031 1322 Gur
1055 1298 1119 1321 non
1144 1290 1267 1330 rumpit
1290 1290 1338 1323 vis
1367 1291 1488 1323 doloris

1015 1337 1130 1371 Cordis
1153 1338 1257 1370 nostri
1282 1339 1422 1380 vincula,

965 1385 1013 1419 Ut
1036 1389 1208 1426 erumpant
1231 1387 1324 1427 quasi
1347 1387 1431 1419 roris

966 1434 1081 1467 Stillae
1105 1432 1200 1466 fletus
1225 1434 1328 1467 nostri
1353 1433 1443 1476 foris,

1010 1483 1105 1524 Agne
1129 1483 1198 1515 sine
1223 1482 1373 1516 macula?

963 1560 988 1594 O
1012 1559 1082 1601 quis
1109 1560 1165 1593 det
1189 1569 1240 1592 me
1265 1564 1370 1593 tecum
1395 1560 1496 1594 morit

963 1609 1039 1641 Tibi
1065 1609 1183 1641 clamat
1207 1609 1406 1650 redemptori

1010 1656 1082 1700 Vis,
1109 1666 1184 1700 vox,
1210 1666 1333 1700 sensus,
1360 1659 1477 1699 anima,

964 1705 1088 1739 Cuncta.
1110 1706 1190 1738 mihi
1215 1709 1290 1739 sunt
1314 1707 1453 1749 horrori,

962 1755 1031 1787 Tuo
1060 1763 1139 1787 vaco
1164 1763 1249 1787 nunc
1273 1755 1385 1798 amori,

1010 1802 1140 1836 Ardent
1164 1803 1272 1835 cordis
1296 1803 1421 1838 intima.

963 1881 988 1914 Ο
1015 1890 1074 1913 rex
1099 1880 1185 1921 Iesu,
1211 1883 1245 1912 te
1269 1881 1409 1925 requiro,

962 1930 1015 1962 Ad
1037 1932 1072 1962 te
1095 1929 1201 1962 milies
1226 1930 1365 1971 suspiro,

1009 1980 1100 2012 Haec
1124 1978 1267 2011 lamenta
1291 1978 1413 2019 videas,

961 2026 1026 2060 Sub
1054 2026 1231 2059 Francisco
1257 2029 1368 2060 sancto
1394 2028 1474 2068 viro,

962 2074 1123 2110 Crucifixo
1144 2075 1240 2109 modo
1264 2076 1347 2109 miro

1007 2125 1064 2157 Me
1090 2123 1223 2157 defendi
1247 2124 1368 2159 iubeas.

246 2210 328 2239 Orat.
349 2220 403 2240 ms.
422 2211 614 2240 Franciscan.
635 2221 712 2241 saec.
729 2211 774 2241 15.
808 2213 879 2241 Cod.
898 2211 1066 2241 Londjnen.
1086 2211 1160 2248 Reg.
1179 2208 1199 2238 2
1218 2206 1249 2237 A
1269 2211 1309 2239 Π.
1327 2225 1364 2230 -—
1384 2212 1500 2240 Zeilen-

164 2251 246 2289 folge
266 2252 298 2278 in
318 2250 377 2279 Str.
398 2248 432 2279 3:
458 2251 482 2287 1,
504 2249 531 2285 5,
553 2250 581 2286 2,
601 2249 629 2287 3,
648 2250 676 2286 4,
699 2250 725 2279 6.
750 2252 805 2280 Hs.
831 2267 869 2272 —
898 2251 925 2287 4,
948 2249 964 2278 5
994 2259 1049 2278 vas
1070 2250 1225 2286 repletum.
1246 2265 1285 2269 -
1304 2251 1360 2279 Die
1384 2250 1500 2279 Anzahl

166 2290 218 2318 der
239 2289 387 2327 Strophen
407 2290 633 2319 kennzeichnen
654 2290 706 2318 das
729 2290 856 2320 Gedicht
875 2291 920 2319 als
941 2290 1109 2318 Rosarium.
