1655 2726
759 161 806 170 ..—

857 142 925 180 152
976 161 1020 170 --

809 261 954 294 XLVII.

224 339 305 372 406.
320 338 457 378 Magnus
482 336 637 370 Dominus
664 338 714 368 est
737 338 842 377 nimis,

318 385 433 428 Maria,
461 389 534 418 tuus
558 384 643 417 filius

319 433 406 466 Deus
431 433 582 466 laudetur
606 432 776 474 imprimis,

321 481 456 513 Praeter
481 490 574 521 quem
598 489 663 512 non
687 482 737 512 est
760 481 851 513 alius.

222 569 302 601 407.
317 568 411 599 Alius
435 577 499 600 non
526 567 691 598 constituit

317 615 517 647 Documenta
541 617 672 647 sanctae
696 615 787 656 legis,

319 663 390 695 Nisi
416 664 470 703 qui
492 663 583 695 nasci
607 662 710 695 voluit

318 711 369 743 Ex
396 713 437 754 te,
465 714 568 743 mater
593 710 690 751 primi
715 711 810 752 regis.

223 799 302 832 408.
318 798 415 838 Regis
440 799 548 840 magni
573 802 608 830 tu
635 798 758 839 civitas,

317 846 433 887 Maria,
460 847 558 887 plena
583 846 710 888 gaudio,

318 894 414 927 Cuius
441 896 565 935 gratiae
589 895 723 935 largitas

319 942 385 974 Dat
409 944 580 975 terminum
604 941 737 983 flagitio,

222 1031 304 1062 409.
319 1029 459 1069 Flagitio
485 1030 590 1062 carnis
614 1038 746 1071 pronus,

319 1077 398 1110 Cum
423 1079 456 1108 te
480 1078 644 1110 iuvantem
669 1079 807 1118 aspexit,

318 1125 398 1157 Mox
425 1125 555 1158 effectus
581 1135 677 1158 sensu
700 1126 813 1167 bonus,

317 1173 426 1205 Motus
454 1174 599 1206 carnales
626 1174 784 1214 despexit.

913 338 993 371 410.
1009 336 1168 377 Despexit
1193 336 1299 368 carnis
1325 334 1475 368 affectum

1011 385 1239 424 Contemplans
1265 387 1354 416 tuam
1381 382 1510 420 faciem,

1009 433 1093 472 Quid
1119 441 1194 472 ergo
1220 436 1253 463 te
1278 441 1337 472 per
1363 430 1512 462 effectum

1009 481 1151 513 Cernens
1177 482 1251 519 aget
1275 479 1310 511 in
1336 476 1465 511 aciem?

912 567 992 600 411.
1008 567 1047 599 In
1073 566 1173 598 aciem
1199 565 1362 598 inimicam

1009 614 1124 647 Carnis
1152 622 1221 645 cum
1249 613 1292 646 ad.
1316 617 1350 645 te
1375 613 1474 655 fugio,

1008 662 1055 695 Ut
1079 671 1202 703 verum,
1227 661 1345 703 Maria,
1374 662 1490 703 dicam,

1007 710 1088 743 Mox
1112 710 1221 743 salvor
1246 719 1266 741 a
1291 710 1449 752 contagio.

915 799 997 831 412.
1013 798 1168 839 Gontagio
1194 798 1302 830 carnis
1327 807 1451 838 carens,

1010 846 1129 879 Divino
1155 846 1310 886 languens
1337 855 1456 887 amore,

1011 894 1196 934 Parturisti,
1224 898 1337 927 sancta
1363 903 1493 935 parens,

1013 943 1089 975 Sine
1115 951 1315 983 quocumque
1342 943 1464 975 dolore.

916 1031 997 1063 413.
1015 1030 1136 1062 Dolore
1161 1029 1253 1069 gravi
1278 1032 1423 1071 gravato,

1010 1078 1055 1110 Et
1081 1077 1202 1109 carnali
1228 1080 1261 1108 et
1284 1078 1428 1118 mentali,

1009 1125 1165 1158 Remedio
1190 1126 1287 1165 plena
1311 1130 1403 1167 grato

1011 1173 1152 1206 Subveni
1178 1182 1256 1205 cura
1279 1175 1383 1207 vitali.

568 1261 651 1292 414.
666 1260 739 1292 Tali
764 1260 922 1292 subventu
947 1259 1138 1292 subventum

661 1308 833 1347 Exponam
858 1316 910 1339 me
934 1307 1023 1340 laudi
1048 1309 1119 1352 rite,

665 1356 777 1398 Virgo,
803 1365 863 1396 per
889 1355 979 1387 cuius
1006 1356 1171 1389 obtentum

666 1403 748 1436 Sunt
771 1414 845 1436 mox
871 1412 984 1444 preces
1010 1405 1191 1438 exauditae.

799 1530 962 1563 XLVIH.

227 1616 306 1648 415.
323 1615 444 1647 Audite
469 1624 570 1657 nunc,
597 1624 706 1647 omnes
732 1619 853 1659 gentes,

322 1662 421 1695 Gesta
445 1663 571 1696 Mariae
595 1663 739 1703 virginis,

319 1710 414 1743 Hanc
428 1711 566 1752 cogitant
578 1715 711 1743 cunctae
720 1715 853 1755 mentes,

321 1759 408 1798 Quae
433 1760 588 1792 salvatrix
611 1762 658 1791 est
685 1759 832 1795 hominis,

227 1847 307 1879 416.
323 1845 469 1878 Hominis
493 1846 636 1878 Ioachim
660 1846 736 1879 iusti

322 1894 477 1935 Coniunx,
503 1895 599 1926 Anna
623 1894 719 1926 valde
743 1896 806 1938 pia,

323 1941 466 1982 Sumpsit
489 1943 594 1982 angeli
622 1944 746 1975 venusti

322 1990 463 2022 Verbum
489 1999 587 2031 super
611 1993 655 2033 te,
680 1990 797 2024 Maria.

227 2079 308 2112 417.
323 2077 439 2120 Maria,
467 2078 548 2110 haec
572 2080 674 2109 mater
699 2080 764 2123 tua,

322 2125 429 2158 Mater
454 2126 556 2158 incliti
583 2126 722 2169 seminis,

320 2174 401 2206 Tres
428 2174 507 2207 dans
530 2175 563 2206 in
588 2176 718 2206 senecta
742 2184 800 2206 sua

321 2222 444 2254 Marias
468 2222 576 2263 magni
600 2222 742 2256 luminis.

226 2309 468 2344 418.Luminis
493 2318 570 2342 vero
598 2309 698 2342 divini

322 2358 371 2389 Tu
395 2362 498 2391 mater
523 2358 639 2402 prima,
664 2357 780 2402 Maria,

323 2406 446 2438 Vulnus
471 2407 561 2439 verbi
587 2407 765 2447 serpentini

326 2453 458 2495 Curans,
485 2455 586 2496 virgo,
613 2455 706 2495 prole
730 2456 794 2496 pia.

916 1617 996 1650 419.
1012 1618 1071 1651 Pia
1095 1627 1193 1659 prece
1217 1620 1332 1652 Annae
1356 1621 1469 1652 matris

1010 1666 1240 1708 Suffragiisque
1267 1677 1413 1701 sororum

1009 1716 1093 1754 Iesu,
1120 1724 1179 1756 per
1204 1719 1237 1747 te
1261 1718 1365 1749 nostri
1390 1717 1513 1760 fratris,

1009 1762 1133 1795 Lumen
1158 1764 1238 1796 mihi
1265 1764 1307 1798 da
1333 1766 1496 1800 decorum.

915 1849 995 1881 420.
1011 1850 1171 1883 Decorum
1197 1851 1259 1884 Dei
1280 1852 1394 1896 filium,

1010 1898 1221 1939 Repulsorem
1248 1902 1407 1945 caliginis,

1009 1947 1124 1979 Prodis
1150 1948 1243 1980 nobis
1267 1952 1477 1992 praecipuum

1009 1994 1180 2049 Reprobis,
1210 2006 1291 2037 quae
1316 2009 1382 2040 pax
1398 2000 1547 2034 hominis.

914 2080 995 2113 421.
1009 2082 1156 2115 Hominis
1180 2084 1268 2117 vires
1290 2086 1409 2119 interni

1009 2130 1109 2163 Bonis
1135 2132 1220 2164 vitae
1244 2138 1319 2167 sunt
1346 2136 1506 2180 desertae,

1010 2178 1082 2210 Nisi
1107 2180 1223 2213 viroris
1249 2185 1382 2224 superni

1010 2226 1081 2259 Sint
1104 2229 1225 2262 virtute
1250 2229 1338 2264 fotae
1363 2242 1423 2273 per
1447 2236 1490 2268 te.

915 2312 996 2344 422.
1010 2314 1074 2346 Per
1098 2318 1132 2347 te
1155 2316 1292 2356 gratiam
1319 2320 1461 2362 capiunt,

1010 2362 1127 2404 Maria,
1154 2374 1279 2405 pauper
1304 2372 1337 2400 et
1363 2369 1465 2411 diveS,

1011 2411 1191 2452 Precesque
1214 2416 1289 2447 tuae
1314 2415 1440 2449 faciunt

1011 2458 1166 2492 Homines
1190 2465 1376 2496 sanctorum
1402 2466 1499 2498 cives.
