1655 2726
254 233 313 266 29.

255 933 310 966 31.

258 1252 314 1284 32.

260 1567 315 1599 33.

262 1884 318 1917 34.

262 2203 318 2236 35.

771 138 1030 173 —226—

326 233 411 274 Iesu,
438 232 538 272 spinis
565 234 728 265 coronaris

326 281 371 314 Et
395 281 510 312 illusus
535 280 682 311 adoraris

378 329 503 368 Regens
529 327 637 359 orbem
663 329 814 369 nutibus3

328 376 353 408 Ο
380 375 443 415 fac,
470 375 539 406 zelo
564 384 695 415 semper
718 385 793 409 vero

327 423 520 462 Affectuque
544 424 574 454 te
599 423 723 456 sincero

376 470 491 512 Dignis
519 471 621 503 colam
646 471 813 504 laudibus!

946 236 1002 267 30.
1020 234 1105 274 Iesu,
1132 242 1262 273 praeses
1289 238 1320 265 te
1345 235 1556 274 spectandum

1016 281 1121 313 Foras
1147 281 1247 322 ducit,
1273 282 1331 314 sed
1358 282 1572 315 damnandum

1068 328 1164 360 Plebs
1191 329 1325 360 dimittit
1349 330 1541 373 Barrabam3

1018 376 1126 418 Absit,
1155 376 1255 408 ducar
1280 377 1341 408 hoc
1366 386 1485 418 errore,

1019 424 1066 457 Ut
1090 426 1156 455 tam
1185 424 1275 456 dirae
1299 424 1402 465 gentis
1428 435 1516 458 more

1068 471 1247 512 Quidquam
1272 472 1334 504 tibi
1357 472 1549 513 praeferam.

881 558 942 593 IV.

647 625 731 666 Iesu,
761 634 887 657 crucem
915 624 989 656 dum
1015 624 1181 665 portabas,

646 672 729 715 Heu,
757 682 852 714 quam
876 672 961 705 mole
985 672 1176 704 laborabas!

695 721 720 753 O
744 721 771 752 si
796 724 872 761 post
895 724 927 752 te
950 719 1100 760 gradiar!

648 768 719 809 Eia,
750 777 876 800 crucem
902 768 955 801 fac
979 768 1123 800 tollendo

647 817 691 849 Et
718 819 901 849 constanter
926 819 958 847 te
983 816 1146 856 sequendo

696 865 851 897 Fructum
878 864 982 898 crucis
1008 873 1171 904 assequar.

328 933 411 973 Iesu,
438 934 528 964 veste
554 932 738 974 denudaris,

327 980 401 1023 Sed,
429 981 501 1024 heu,
529 983 679 1021 quantum
708 982 862 1014 cruciaris

378 1028 482 1061 Causa
505 1030 732 1061 verecundiae!

328 1078 396 1110 Fac
420 1085 471 1109 me
495 1086 655 1117 nunquam
681 1078 825 1119 spoliari,

330 1126 399 1165 Qua
424 1133 482 1157 nos
510 1125 603 1156 decet
626 1126 789 1165 peronari,

377 1173 474 1205 Veste
498 1173 684 1213 pudicitiae.

328 1251 414 1293 Iesu,
443 1249 513 1282 dire
537 1252 570 1281 te
597 1249 769 1281 distentum

329 1297 536 1338 Crucifigunt,
563 1306 581 1329 ο
606 1300 798 1330 tormentum

378 1346 481 1378 Vitam
508 1347 677 1385 praestans
703 1346 841 1378 homini!

331 1393 429 1426 Absit
451 1392 529 1425 mihi
554 1393 686 1433 gloriari

330 1441 403 1473 §¹151
428 1441 513 1481 lytro
539 1441 673 1471 salutari

378 1488 421 1520 Et
446 1489 479 1520 in
506 1497 600 1519 cruce
623 1488 765 1521 Domini.

331 1566 415 1605 Iesu,
444 1564 529 1597 trina
553 1574 668 1597 nomen
694 1565 803 1605 lingua

330 1613 404 1645 Tibi
428 1612 520 1653 ponit
544 1621 622 1653 gens
646 1613 786 1654 maligna

379 1661 478 1693 Laeto
505 1659 630 1702 fulgens
655 1662 778 1702 omine3

331 1710 461 1751 Precor,
487 1708 560 1740 Iesu
585 1709 763 1750 Nazareue,

333 1757 429 1790 Salva
454 1765 522 1797 nos,
549 1766 621 1789 nam
648 1758 770 1797 pendet
793 1759 890 1798 plene

379 1805 472 1838 Salus
497 1804 537 1836 ab
563 1805 624 1837 hoe
647 1806 784 1839 nomine.

331 1883 416 1921 lesu,
441 1881 528 1923 patri
554 1891 613 1922 pro
635 1885 760 1914 tuorum

333 1931 436 1970 Culpa
461 1930 597 1970 supplex
619 1929 658 1962 fis
683 1933 850 1974 tortorum,

380 1978 434 2011 Sic
459 1987 516 2009 nos
543 1978 660 2010 docens
685 1979 832 2023 vincere,

330 2027 449 2059 Hostes
475 2035 588 2067 amem,
611 2027 668 2059 sed
693 2036 756 2058 non
781 2026 866 2069 fiete,

330 2075 407 2108 Zelo
432 2082 583 2115 quaeram
605 2083 645 2106 ne
670 2075 833 2107 vindictae

378 2123 468 2155 Mala
492 2122 585 2154 malis
610 2123 760 2156 reddere.

332 2202 416 2242 Iesu,
443 2200 557 2232 summi
582 2198 654 2232 fons
680 2209 698 2232 o
726 2200 810 2244 boni,

333 2250 433 2290 Quam
459 2248 632 2280 clementer
657 2248 714 2280 das
739 2249 858 2281 latroni

379 2297 563 2330 Paenitenti
586 2297 729 2329 veniam!

336 2345 397 2378 Cor
423 2345 593 2378 contritum
618 2345 697 2376 mihi
723 2345 817 2386 dona,

334 2395 381 2428 Ut
414 2394 489 2425 hinc
511 2393 653 2434 migrans
676 2398 781 2425 tecum
806 2393 892 2426 bona

380 2441 530 2475 Paradisi
553 2442 689 2482 capiam.

949 933 1102 974 36.1esu,
1128 935 1263 965 matrem
1291 933 1537 965 commendabas

1017 980 1063 1012 Et
1087 980 1272 1023 Iohannem,
1299 990 1391 1022 quem
1417 982 1558 1023 amabas,

1066 1028 1104 1060 In
1130 1029 1271 1061 solamen
1297 1032 1458 1071 mutuum3

1018 1077 1087 1109 Fac
1112 1076 1277 1109 amborum
1302 1078 1380 1109 mihi
1408 1086 1485 1110 cura

1018 1124 1152 1164 Semper
1176 1125 1257 1156 assit
1280 1125 1312 1157 in
1340 1134 1495 1166 pressura

1066 1172 1161 1205 Salus
1187 1175 1220 1204 et
1244 1174 1411 1207 auxilium.

947 1250 1002 1282 37.
1016 1248 1098 1287 Iesu,
1128 1249 1246 1282 clamas
1271 1260 1351 1283 voce
1375 1251 1479 1284 tristi:

1018 1296 1151 1338 thuid,
1179 1301 1282 1338 pater,
1309 1308 1360 1331 me
1384 1299 1530 1340 liquisti?

1066 1345 1091 1377 O
1117 1348 1277 1379 tormenta
1301 1346 1417 1379 fortia!

1017 1393 1048 1424 A
1074 1395 1106 1424 te
1131 1403 1291 1434 nunquam
1318 1395 1535 1439 derelinquar,

1018 1440 1068 1472 Ne
1093 1443 1235 1474 tentatus
1261 1441 1345 1475 forte
1370 1443 1482 1476 vincar

1068 1489 1183 1521 Mortis
1208 1491 1240 1522 in
1263 1491 1419 1532 angustia.

948 1566 1002 1598 38.
1017 1566 1102 1608 Iesu,
1129 1567 1183 1598 siti
1208 1566 1325 1608 flagras
1350 1571 1447 1609 totus,

1019 1614 1095 1655 Sed,
1121 1614 1193 1658 heu,
1221 1617 1331 1656 quales
1355 1616 1416 1648 tibi
1441 1621 1536 1658 potus

1067 1661 1154 1694 Gens
1176 1665 1330 1704 propinat
1352 1665 1471 1704 impia!

1018 1710 1145 1742 Memor
1169 1714 1263 1751 potus
1289 1715 1354 1744 tam
1381 1714 1492 1755 amari,

1019 1757 1044 1790 Ο
1072 1767 1166 1798 quam
1193 1759 1287 1791 velim
1314 1760 1494 1794 refraenari

1069 1805 1181 1838 Carnis
1208 1808 1386 1842 desideria!

948 1883 1004 1915 39.
1019 1882 1102 1926 Iesu,
1132 1884 1258 1925 culpam
1281 1887 1476 1928 protoplasti

1017 1930 1126 1962 Morte
1151 1932 1242 1965 luens
1268 1938 1495 1969 consummasti

1067 1978 1293 2021 Redemptoris
1318 1984 1445 2025 munia;

1020 2026 1082 2059 Cor
1106 2030 1224 2061 amoris
1249 2031 1281 2063 vi
1307 2036 1463 2073 concepta

1020 2075 1074 2107 Ad
1099 2075 1267 2117 implenda
1293 2080 1356 2112 due
1380 2086 1556 2123 praecepta

1067 2123 1249 2166 Sanctaque
1274 2129 1419 2161 consilia.

948 2199 1004 2233 40.
1021 2199 1104 2241 Iesu,
1129 2202 1198 2235 vita
1227 2204 1302 2238 dum
1328 2207 1501 2249 migrabas‚

1021 2248 1133 2281 Temet
1158 2252 1245 2290 patri
1269 2256 1525 2297 commendabas,

1069 2297 1151 2340 Heu,
1178 2301 1228 2332 sol
1251 2301 1339 2343 luget
1363 2304 1506 2347 obitum3

1021 2345 1099 2386 Fae,
1128 2350 1272 2381 extrema
1296 2352 1408 2386 mortis
1434 2354 1515 2387 hora

1020 2393 1128 2426 Meum
1156 2396 1215 2428 tibi
1241 2398 1310 2431 sine
1334 2410 1427 2433 mora

1069 2442 1217 2477 Reddam
1250 2449 1392 2487 gaudens
1419 2450 1580 2490 spiritum.
