1655 2726
735 125 996 160 *186—

205 284 308 318 1028.
326 281 526 316 Confitemini
550 281 673 312 nomini
896 280 999 312 1031.
1015 278 1150 310 Lumine
1175 282 1229 311 tuo
1255 277 1385 318 placito,

322 328 479 363 Dominae
506 327 748 368 dominantium,
1015 328 1082 365 Quo
1109 326 1244 358 virtutes
1271 325 1369 356 corda
1391 323 1511 363 ferant,

323 380 412 417 (guae
436 376 618 408 misericors
645 375 764 407 homini
1013 372 1206 406 Reddantur
1232 373 1321 405 clara
1346 371 1463 412 subito,

324 425 390 457 Dat
415 424 524 464 robur,
551 423 618 455 fert
641 423 805 455 auxilium.
1015 421 1103 460 Quae
1128 421 1266 453 obscura
1290 420 1381 460 prius
1408 422 1509 452 erant.

206 493 309 526 1029.
324 491 489 524 Auxilium
514 491 549 522 in
574 490 721 523 adversis
897 488 1001 521 1032.
1014 487 1119 519 Erant
1143 490 1219 518 ante
1242 490 1331 518 tuam
1357 487 1462 518 lucem

325 540 403 572 Tuis
428 542 560 579 praesta
586 538 773 577 cultoribUS,
1015 535 1173 567 Errantes
1198 535 1258 567 Dei
1287 536 1419 576 servuli,

324 587 489 626 Effulgens
516 596 536 618 a
560 590 593 618 te
619 584 781 618 conversis
1016 583 1112 615 Nunc
1129 584 1401 623 sequunturlucis
1415 583 1528 615 ducem

325 636 493 668 Nocturna
516 635 574 667 lux
598 633 771 666 viantibuS.
1017 631 1158 663 Terrore
1182 632 1267 663 victo
1293 632 1425 668 saeculi,

207 704 308 738 1030.
325 702 495 736 Viantibus
520 702 551 734 in
579 701 640 733 hac
667 701 718 733 via
899 699 1003 732 1033.
1020 698 1147 731 Saeculi
1172 699 1237 731 iam
1261 700 1439 732 munimina

330 753 492 792 cooperta
519 750 656 790 caligine
1019 747 1184 789 Spernunt
1205 748 1351 780 homines
1375 748 1517 788 plurimi,

327 800 454 832 Lucens
482 799 578 839 clare,
605 798 660 829 lux
686 797 803 837 Maria,
1022 797 1084 828 Per
1108 799 1142 826 te
1166 800 1339 838 sumentes,
1368 797 1506 838 domina,

327 848 431 889 Reple
456 856 513 879 nos
539 851 594 879 tuo
617 846 748 879 lumine.
1019 844 1148 877 Donum
1173 844 1237 876 Dei
1262 845 1424 878 altissimi.

553 915 658 948 1034.
674 913 834 947 Altissimi
860 921 935 954 ergo
958 913 1073 944 matris

673 962 762 994 Laus
788 964 821 992 et
844 961 946 993 honor
973 961 1016 992 sit
1040 961 1171 998 nomini,

675 1010 721 1043 Et
744 1018 813 1049 vos,
841 1008 959 1041 fratres
975 1009 1050 1041 Iesu
1076 1006 1199 1048 fratris,

673 1058 805 1090 Parenti
832 1056 1035 1089 confitemini.

210 1201 314 1234 1035.
333 1198 534 1232 confitemini
559 1199 593 1230 in
618 1198 731 1238 primis
890 1196 993 1229 1039.
1013 1196 1143 1228 Vinculo
1168 1197 1281 1229 mortis
1307 1198 1403 1230 soluti

327 1247 432 1280 Matri
455 1246 708 1286 misericordiae,
1012 1245 1072 1277 Per
1097 1247 1211 1283 partus
1237 1245 1285 1277 tui
1311 1247 1447 1286 gratiam

328 1292 839 1336 Perquambonamfactamnobis
1008 1292 1056 1324 Te
1081 1293 1248 1325 laudamus
1274 1293 1362 1337 laeti,
1390 1295 1451 1327 tuti

326 1343 432 1375 Datur
457 1341 639 1382 triumphus
664 1342 796 1382 gratiae.
1007 1340 1054 1372 Et
1078 1349 1136 1372 nos
1163 1343 1240 1375 novi
1264 1351 1324 1381 per
1349 1345 1487 1375 veniam.

213 1411 318 1444 1036.
335 1409 468 1442 Gratiae
492 1413 567 1440 tuae
592 1409 776 1450 splendore,
892 1407 995 1440 1040.
1011 1407 1146 1440 Veniam
1169 1419 1245 1441 mox
1270 1410 1442 1453 inveniam,

332 1458 399 1497 Quo
436 1457 576 1497 demptio
602 1455 638 1488 fit
666 1457 842 1496 criminum,
1012 1456 1108 1489 Cuius
1134 1465 1245 1490 sensus
1272 1467 1370 1499 saepe
1395 1460 1526 1501 cadunt,

336 1505 441 1539 Corde
467 1504 605 1537 fatemur
630 1508 661 1535 et
687 1514 743 1537 ore
1012 1503 1176 1547 Quoniam,
1205 1516 1255 1538 me
1279 1516 1339 1546 per
1362 1508 1499 1548 gratiam

334 1554 563 1586 Resurrexisse
586 1552 766 1585 Dominum.
1012 1552 1046 1584 Si
1071 1554 1216 1594 respicis,
1242 1556 1328 1595 lapsi
1352 1557 1493 1589 stabunt.

222 1622 324 1655 1037.
338 1621 521 1662 Dominum,
549 1629 639 1660 virgo
664 1621 844 1662 praeclara,
896 1620 999 1653 1041.
1015 1620 1154 1653 Stabunt
1178 1623 1284 1654 cuncti
1307 1626 1452 1663 potentia

336 1669 517 1701 Lactata-sti
542 1668 620 1701 satis
646 1669 754 1711 ubere,
1013 1669 1082 1701 Tuo
1108 1672 1230 1702 stantes
1255 1672 1398 1714 servitio,

338 1718 397 1757 Qui
423 1726 481 1748 nos
507 1717 634 1749 salvans
661 1718 763 1749 crucis
788 1725 845 1748 ara
1012 1716 1072 1749 His
1097 1717 1196 1750 inerit
1219 1720 1380 1753 munditia

336 1766 451 1798 Victor
475 1765 579 1806 surgit.
603 1773 621 1795 e
645 1763 767 1798 funere.
1012 1765 1057 1797 Et
1082 1766 1240 1805 spiritalis
1265 1769 1383 1803 unctio.

216 1834 320 1867 1038.
337 1833 365 1865 Ε
390 1832 504 1865 funere
529 1840 654 1873 quoque
678 1840 810 1873 surgens
895 1832 998 1866 1042.
1014 1833 1133 1867 Unctio
1159 1844 1219 1874 per
1244 1839 1277 1867 te
1303 1839 1485 1876 pneumatis

335 1881 382 1913 Te
408 1881 518 1912 visitat
544 1881 695 1920 diluculo,
1013 1881 1067 1913 Sic
1092 1890 1146 1913 cor
1171 1887 1271 1924 ungat
1295 1890 1326 1916 et
1351 1886 1448 1928 labia,

329 1929 528 1961 Daemonum
535 1929 621 1960 vires
630 1928 844 1971 confringam,
1013 1929 1247 1970 Quodformam
1255 1931 1374 1965 Christi
1381 1936 1538 1976 dogmatis

335 1977 519 2017 Tyrannum
547 1976 681 2008 trudens
707 1977 844 2009 vinculo.
1017 1979 1147 2011 Servem
1172 1981 1249 2013 inde
1277 1990 1347 2013 cum
1373 1984 1488 2024 gloria,

560 2045 664 2077 1043.
682 2044 793 2077 Gloria
816 2054 949 2077 manens
974 2046 1130 2079 immensa

679 2092 779 2124 Vobis
804 2102 825 2124 a
848 2093 966 2125 vestris
989 2095 1140 2135 subditis,

680 2140 745 2172 Fili
770 2149 861 2182 pure,
885 2145 990 2173 mater
1012 2152 1104 2182 pura,

682 2188 742 2227 Qui
768 2189 891 2220 caelum
908 2191 1009 2223 verbo
1030 2191 1189 2228 clauditis,

824 2265 923 2300 GVH.

218 2329 324 2363 1044.
339 2329 506 2369 Paratum,
534 2330 635 2369 virgo,
663 2337 718 2361 cor
735 2336 850 2370 meum,
912 2331 1014 2364 1045.
1029 2332 1165 2366 Munere
1189 2336 1272 2369 caeli
1295 2343 1445 2373 munerat

340 2378 493 2410 Paratum
518 2377 579 2410 tibi
603 2377 755 2419 psallere,
1028 2381 1186 2415 Vacantes
1212 2386 1276 2416 tuis
1301 2386 1453 2421 laudibus

340 2426 388 2459 Ut
412 2426 570 2467 praebeas
594 2425 643 2457 illi
669 2425 770 2457 Deum
1028 2428 1120 2462 Iesus
1145 2432 1294 2466 Christus
1321 2438 1354 2466 et
1376 2441 1527 2469 numerat

338 2474 465 2507 Maiore
489 2478 544 2506 tuo
569 2482 711 2505 munere.
1030 2477 1110 2510 Cum
1134 2481 1255 2521 angelis
1282 2484 1486 2519 caelestibus
