1655 2726
760 144 1014 181 —138—

231 244 311 277 145.
325 242 412 275 Loco
436 252 488 275 me
512 242 697 275 refectionis
918 242 998 278 147.
1011 243 1094 275 Eum
1120 251 1194 284 ergo
1221 246 1426 273 concremare

323 291 461 324 Animae
488 292 688 324 necessariae
1011 291 1078 323 Fac
1101 290 1135 322 in
1160 299 1210 323 me
1236 286 1405 330 desideria,

326 339 489 379 StabiliaS,
513 340 611 380 plena
634 339 735 378 bonis,
1010 339 1109 378 Quem
1133 345 1302 380 praesumo
1327 334 1523 367 manducare

323 387 431 419 Mater
457 387 736 428 cunctipotentiae.
1013 387 1118 428 Saepe
1143 396 1211 420 cum
1237 384 1341 418 laudis
1367 382 1481 424 gloria.

230 476 310 509 146.
324 474 492 507 Potentiae
514 475 658 507 incendii
918 474 997 508 148.
1014 474 1126 507 Gloria
1149 474 1218 517 tibi,
1247 472 1384 511 domina,

324 522 413 555 Dans
439 526 533 563 pater
557 526 665 555 natum
691 520 855 567 Iudaeum,
1013 522 1101 562 Quae
1124 532 1183 562 per
1207 522 1269 553 iter
1292 520 1463 559 impiorum

325 570 372 603 Ob
400 579 504 603 escam
529 580 588 613 per
613 574 648 604 te
676 570 731 603 filii
1014 570 1146 611 Spargis
1167 570 1289 611 gratiae
1313 567 1444 606 semina,

323 619 510 651 Liberatum
537 619 621 652 vidit
649 628 729 652 eum.
1012 619 1060 651 Ut
1080 622 1213 651 noscant
1239 617 1307 650 vias
1330 616 1497 648 iustorum.

821 706 949 740 XXIII.

231 773 312 806 149.
327 772 475 813 Domine,
501 773 548 805 tui
572 772 632 805 filii
918 772 997 805 152.
1011 771 1206 815 Ascendere,
1233 771 1334 812 virgo,
1362 769 1496 809 dignans

329 820 390 853 Est
415 823 574 854 terrarum
599 821 776 864 plenitudo,
1010 820 1136 860 Equum
1162 823 1196 851 tu
1221 828 1280 859 pro
1304 818 1464 858 militissa‚

326 868 430 910 Mare,
456 869 561 902 fontes
588 872 620 901 et
642 867 732 901 fluvii
1011 868 1110 900 Militi
1135 866 1221 900 facta
1250 867 1418 907 designans

326 916 371 949 Et
398 917 544 949 caelestis
568 917 784 958 pulchritudo.
1013 916 1117 948 Solvis
1145 915 1290 949 daemoni
1314 914 1482 956 promissa.

231 1005 312 1039 150.
326 1003 539 1036 Pulchritudo
564 1004 736 1036 laudabilis
917 1004 995 1037 153.
1010 1002 1175 1035 Promissa
1198 1002 1280 1035 solvi
1304 1002 1411 1034 viliter

324 1052 372 1084 Te
399 1052 531 1084 decorat
556 1055 589 1084 et
612 1053 747 1093 puritas,
1010 1051 1182 1084 Daemonis
1207 1050 1419 1092 suggestione,

324 1099 441 1139 Maria,
467 1110 557 1133 mons
582 1100 748 1140 mirabilis,
1011 1099 1076 1131 Sed
1100 1098 1180 1131 haec
1204 1101 1349 1131 restaura
1376 1097 1513 1129 dulciter

326 1148 487 1180 Virtutum
513 1152 694 1181 monstrans
717 1147 856 1180 semitas.
1011 1147 1082 1179 Tua
1103 1146 1294 1179 visitatione.

231 1234 311 1268 151.
327 1234 464 1266 Semitas
491 1235 571 1267 caeli
595 1237 784 1275 quaerentes
917 1235 994 1268 154.
1010 1233 1200 1266 Visitatione
1222 1234 1329 1275 precis

326 1282 399 1314 Non
427 1285 530 1314 cessat
555 1282 654 1315 Satan
678 1282 818 1321 laedere,
1008 1282 1066 1322 Te,
1092 1281 1209 1324 Maria,
1234 1281 1363 1314 visitavi

325 1331 379 1363 Ad
405 1331 490 1370 quod
514 1334 547 1361 te
570 1339 633 1362 non
659 1330 836 1362 recolentes
1008 1329 1053 1362 Et
1076 1332 1112 1360 tu
1135 1329 1216 1362 lucis
1242 1335 1314 1371 tege
1336 1329 1438 1361 thecis

325 1377 489 1418 Nusquam
515 1381 650 1419 possunt
671 1378 855 1411 ascendere.
1010 1378 1137 1419 Preces,
1164 1387 1242 1419 quas
1268 1378 1309 1410 ad
1335 1381 1368 1410 te
1391 1378 1509 1412 levavi.

820 1474 941 1506 XXIV.

232 1550 311 1584 155.
325 1550 380 1582 Ad
406 1553 439 1581 te
461 1550 567 1583 levavi
593 1559 648 1582 cor
670 1558 785 1591 meum,
921 1549 999 1583 158.
1014 1549 1083 1580 Tua
1107 1550 1266 1589 praebens
1291 1551 1442 1592 largitate

329 1598 509 1630 Scrutatrix
534 1599 621 1630 mitis
646 1598 809 1640 mentium,
1012 1596 1098 1629 Huic
1123 1602 1244 1630 certum
1269 1601 1323 1631 tuo
1349 1598 1432 1632 festo

328 1646 373 1679 Ut
396 1655 456 1686 per
480 1650 514 1678 te
539 1646 736 1686 contempler
761 1655 843 1689 eum,
1014 1646 1192 1678 Postulanti
1216 1656 1330 1679 munus
1356 1657 1376 1680 a
1400 1651 1443 1691 te,

326 1694 387 1735 Qui
411 1695 564 1735 gaudium
589 1697 638 1726 est
666 1694 821 1728 cordium.
1011 1694 1129 1736 Maria,
1156 1704 1283 1736 semper
1308 1696 1430 1730 adesto.

233 1782 313 1815 156.
329 1780 480 1813 Cordium
505 1780 717 1822 purificatrix‚
918 1780 995 1812 159.
1010 1780 1089 1812 Esto
1115 1790 1247 1814 servans
1273 1784 1371 1815 vitam
1395 1794 1499 1817 meam

323 1829 362 1861 In
387 1829 610 1869 purificatione
1013 1828 1221 1863 Commissam
1247 1832 1311 1863 tuis
1335 1834 1483 1866 manibus

324 1877 468 1909 Astitisti
495 1878 690 1910 consolatrix
1009 1876 1053 1909 Et
1080 1886 1183 1921 eruas,
1210 1883 1322 1923 mater,
1349 1890 1419 1914 eam

325 1925 471 1958 Devotae
495 1925 555 1957 tibi
579 1928 753 1958 matronae.
1009 1926 1088 1958 Mox
1114 1926 1155 1959 de
1178 1929 1436 1964 necessitatibus.

230 2014 310 2047 157.
324 2012 495 2046 Matronae
519 2013 649 2045 missam
674 2014 832 2053 spectanti
918 2012 995 2046 160.
1011 2013 1266 2048 Necessitatibus
1290 2019 1371 2050 meis

327 2060 519 2102 Carentique
542 2062 641 2093 missa
665 2070 723 2092 sua
1010 2062 1106 2094 Astet
1128 2063 1225 2096 Anna
1248 2065 1421 2107 magnifica

324 2110 364 2142 In
391 2110 509 2142 exstasi
533 2118 593 2150 per
617 2112 649 2140 te
676 2109 775 2142 stanti
1011 2110 1057 2142 Et
1080 2114 1116 2143 tu
1141 2121 1237 2153 prece
1259 2115 1326 2146 eius
1354 2116 1399 2148 eis

325 2157 509 2190 Subvenisti
531 2158 628 2190 missa
653 2160 718 2190 tua.
1010 2158 1117 2191 Iesum
1141 2162 1256 2194 adesse
1280 2163 1399 2198 iudica.

834 2245 938 2280 XXV.

232 2313 312 2346 161.
327 2312 440 2344 Indica
465 2321 515 2344 me
539 2321 624 2344 nunc
647 2312 774 2353 leniter,
919 2313 997 2347 162.
1012 2314 1245 2350 Damnatorum
1278 2319 1431 2360 princeps
1457 2320 1552 2354 fortis

326 2360 437 2393 Mater
455 2361 572 2394 iudicis
599 2364 793 2403 cunctorum,
1012 2364 1067 2396 Ad
1092 2366 1245 2398 Iacobum
1270 2366 1488 2400 ambulantem

326 2409 441 2442 Puniri
464 2409 695 2451 temporaliter,
1012 2413 1191 2453 Angustiae
1217 2414 1309 2446 dedit
1332 2417 1456 2456 mort-is,

325 2457 376 2490 Ne
398 2457 456 2490 sim
478 2468 607 2491 consors
627 2458 858 2492 damnatorum.
1014 2460 1056 2493 Se
1080 2461 1148 2493 vita
1172 2462 1227 2502 pie
1251 2463 1445 2502 privantem.
