1655 2726
227 237 282 269 20.
309 236 391 279 Ave,
416 234 524 275 fulgur

359 284 462 316 divini
483 282 611 323 sideris,

312 332 350 365 In
374 332 495 364 virtute

361 380 448 412 cuius
472 378 655 421 laetaberis,

310 428 355 460 Et
377 427 525 468 quoniam

358 477 390 508 in
416 479 449 508 te
473 476 680 519 speravimus,

313 524 559 565 Consequamur,

359 573 443 613 quod
470 571 511 603 de
534 574 567 603 te
591 572 761 612 poscimus,

225 649 281 683 21.
304 649 385 690 Ave,
411 650 512 690 virgo,

359 696 512 738 splendor
536 697 706 740 virgineus,

312 745 412 785 Quam
437 745 581 785 respexit

360 794 561 834 omnipotens
586 792 684 835 Deus,

311 842 341 873 A
369 841 495 874 delictis

358 890 477 922 nostris
503 889 641 921 emunda
663 898 721 920 nos

311 937 356 970 Et
379 938 413 969 in
438 936 529 969 bonis

360 986 424 1017 tuis
450 983 603 1017 confirma
623 993 694 1018 noe.

235 1063 290 1095 22.
316 1062 400 1104 Ave,
426 1061 533 1094 David

364 1110 448 1150 regis
474 1109 602 1149 egregia

315 1158 438 1198 Proles,
463 1157 526 1189 Dei

363 1208 467 1238 mater
493 1204 618 1247 eximia,

315 1253 444 1286 Colloea
467 1261 525 1284 nos

361 1302 395 1333 in
422 1303 530 1333 monte
553 1301 680 1341 pascuis

314 1350 359 1382 Et
381 1350 472 1389 reple
495 1357 553 1380 nos

363 1396 535 1430 virtutibus
560 1397 633 1430 tuis.

235 1477 291 1508 23.
318 1475 398 1514 Ave,
424 1475 527 1505 mater

364 1525 523 1554 terrarum
546 1521 675 1563 domini,

314 1570 492 1604 Universae

365 1618 418 1659 qui
443 1617 638 1658 plenitudini

319 1666 415 1699 Orbis
439 1674 553 1707 praees

366 1723 424 1755 per
448 1715 553 1754 ipsum
578 1713 690 1754 fflium,

318 1762 386 1795 Nos
411 1763 453 1795 ad
477 1764 598 1793 terram

365 1811 489 1851 perduc
515 1810 698 1843 viventium.

236 1890 291 1922 24.
319 1889 398 1931 Ave,
424 1887 509 1927 regis

368 1937 483 1970 Ididae
508 1933 674 1975 ferculum,

320 1983 501 2017 Maiestatis

370 2033 499 2066 divinae
523 2032 697 2072 speculum,

320 2081 370 2113 Ne
395 2080 554 2122 perpetim

368 2130 517 2162 ruborem
543 2127 689 2168 sufferas,

323 2177 526 2210 Confidentes

369 2227 403 2259 in
428 2230 460 2258 te
483 2234 547 2257 non
574 2225 712 2259 deseras

241 2306 296 2338 25.
322 2305 404 2345 Ave,
431 2304 535 2336 mater

370 2353 469 2394 illiuS,
494 2351 634 2384 omnium

324 2400 382 2434 Cui
405 2404 499 2442 pater

373 2450 464 2483 dedit
486 2448 650 2491 iudicium,

852 135 900 171 44

999 233 1112 265 Iudiea
1135 240 1193 264 nos

1046 281 1081 312 in
1103 278 1297 317 innocentia,

1000 328 1073 361 Etsi
1098 337 1162 360 non
1186 327 1229 359 sit

1048 377 1081 408 in
1108 374 1311 408 conscientia.

918 455 972 487 26.
999 454 1080 493 Ave,
1108 453 1207 494 virgo,

1048 502 1154 533 lumen
1178 498 1331 539 fidelium,

997 549 1187 582 Illuminans

1046 600 1169 629 mentes
1195 595 1403 636 credentium,

999 645 1079 678 Esto
1105 646 1192 678 salus

1047 693 1153 726 fidelis
1177 692 1300 733 populi,

1001 741 1051 774 Ne
1075 742 1204 773 timeam

1048 789 1189 822 furorem
1215 788 1332 822 zabuli.

918 869 974 901 27.
999 869 1080 908 Ave,
1107 867 1193 899 vitae

1049 914 1195 947 caelestis
1220 914 1325 956 ianua,

999 963 1038 996 In
1062 964 1233 1004 conspectu

1050 1011 1135 1052 regis
1161 1009 1300 1053 assidua,

1003 1060 1056 1092 Ad
1082 1062 1115 1091 te
1141 1058 1259 1091 elamat

1050 1107 1151 1139 omnis
1178 1106 1321 1149 ecelesia,

1002 1155 1186 1196 Deprecata

1050 1204 1094 1235 sis
1119 1203 1148 1235 ei
1172 1202 1276 1235 venia.

922 1281 978 1314 28.
1004 1281 1085 1319 Ave,
1110 1279 1192 1312 lueis

1052 1330 1202 1360 aeternae
1228 1327 1348 1369 radius,

1004 1378 1043 1409 In
1068 1384 1162 1417 quam
1186 1375 1249 1407 Dei

1055 1423 1222 1457 deseendit
1245 1422 1341 1464 filius,

1006 1473 1152 1505 Arietum

1052 1530 1110 1553 nos
1136 1520 1226 1561 quasi
1251 1519 1333 1552 filios

1007 1568 1096 1601 Affer
1120 1569 1189 1601 Deo

1055 1616 1180 1658 peceati
1202 1616 1337 1649 nescios,

926 1695 981 1729 29.
1009 1696 1088 1736 Ave,
1115 1696 1215 1735 virgo,

1055 1752 1136 1783 quae
1160 1742 1224 1774 Dei
1246 1741 1348 1774 filium

1008 1791 1210 1824 Exsultando

1056 1838 1136 1872 facis
1162 1839 1348 1881 propitium,

1010 1887 1143 1929 Suseipe
1166 1896 1224 1920 nos

1057 1937 1091 1969 in
1115 1936 1200 1969 ulnis
1225 1937 1357 1978 gratiae,

1009 1984 1060 2016 Ne
1083 1985 1244 2017 laetentur

1059 2034 1166 2066 hostes
1193 2034 1357 2068 ecelesiae.

929 2111 984 2145 30.
1011 2111 1092 2150 Ave,
1117 2121 1176 2152 per
1202 2120 1295 2152 quam

1057 2159 1179 2192 remisit
1205 2160 1344 2193 omnium

1009 2208 1098 2241 Deus
1123 2211 1251 2250 tergens

1058 2258 1168 2298 culpas
1194 2256 1349 2300 fidelium,

1012 2305 1130 2346 Culpas
1155 2310 1282 2339 nostras

1056 2355 1181 2388 remitti
1204 2355 1314 2388 obtine

1012 2402 1057 2435 Et
1080 2403 1201 2436 munda
1224 2413 1282 2437 nos

1058 2452 1097 2485 ab
1124 2452 1211 2485 omni
1236 2453 1378 2487 erimine.
