1655 2726
207 237 238 269 5.
264 236 344 278 Ave,
371 235 459 275 pacis

312 283 460 317 columba
484 282 640 325 redditae,

263 331 357 364 Folle
381 339 502 374 carens,

312 379 386 411 dum
411 379 480 411 sine
505 377 617 412 fomite

261 428 378 460 Marsis
406 426 511 460 defers

310 477 367 509 sub
393 475 504 507 mortis
529 476 654 517 gurgite

261 523 395 556 Ramum
420 524 511 564 pacis

311 575 343 603 et
367 572 453 604 vitae
476 571 634 612 perditae,

259 620 358 659 Quem
384 619 425 651 de
447 622 502 651 tuo

307 667 463 707 produxit
486 667 596 707 stipite

355 715 460 747 Radix
485 716 581 747 Iesse.

224 836 231 842 .
257 812 337 852 Ave,
363 810 456 851 virga

305 857 444 891 fecunda
467 859 591 902 nucleo,

260 906 319 946 Qui
344 907 469 938 devicto

305 954 417 986 mortis
443 954 551 986 aculeo

259 1001 339 1034 Suos
364 1003 459 1034 solvit

303 1049 343 1081 de
367 1058 465 1081 nervo
491 1049 606 1093 ferreo,

257 1097 324 1129 Neo
350 1098 412 1129 iam
438 1098 562 1138 lapsum

304 1148 338 1177 ut
364 1146 453 1185 prius
478 1146 584 1188 timeo,

257 1193 355 1231 Quem
381 1194 510 1225 virtutis

306 1241 476 1273 obumbras
502 1240 606 1281 clipeo

353 1287 528 1321 Indefesse.

221 1410 228 1416 .
255 1385 334 1426 Ave,
364 1385 450 1416 euius

301 1435 462 1471 ingressus
486 1433 650 1465 vasculum

256 1479 350 1512 Orbis
375 1477 479 1511 factor

301 1536 360 1567 per
387 1528 481 1559 crucis
513 1528 661 1560 baculum

255 1570 306 1607 De
330 1584 467 1607 caverna

300 1624 468 1664 propulsat
493 1625 646 1667 regulum,

256 1670 340 1703 Novi
365 1672 450 1712 regis

301 1719 413 1752 effecta
438 1718 603 1762 ferculum,

252 1766 291 1799 111
316 1777 377 1807 quo
404 1777 494 1799 suum

299 1824 384 1847 nunc
408 1816 491 1855 regit
514 1817 668 1857 populum

348 1863 385 1896 In
411 1864 524 1896 salute.

220 1985 226 1992 .
253 1960 334 1995 Ave,
361 1968 421 1998 per
444 1969 538 2000 quam

299 2008 443 2039 succurri
467 2009 594 2048 misero,

253 2055 370 2095 Sperat
394 2056 490 2088 miser

302 2113 412 2136 errans
437 2105 476 2136 ab
501 2106 602 2146 utero,

252 2152 312 2192 Qui
334 2152 376 2183 ad
401 2156 535 2184 mortem

299 2209 409 2242 gressu
434 2204 642 2241 praepostero

251 2247 390 2280 Currens
414 2258 529 2281 nomen

298 2298 406 2337 regale
430 2298 550 2342 pejero,

252 2344 317 2377 Sub
343 2344 458 2378 Heliae

298 2394 406 2426 iacens
428 2394 575 2435 iunipero

345 2441 518 2478 Dissolute.

736 135 972 171 „18-a

918 235 949 267 9.
975 235 1056 278 Ave,
1083 236 1186 266 mater
1210 235 1342 266 sanetae
1368 231 1449 273 spei,

890 562 944 594 10.

888 889 943 921 11.

885 1213 941 1246 12.

885 1539 939 1571 13.

883 1863 939 1899 14.

883 2203 939 2238 15.

976 283 1075 322 Regis
1099 290 1227 324 sponsa,
1257 281 1338 313 cella
1362 280 1431 323 Dei,

976 330 1050 362 Tibi
1072 331 1219 373 psallam,
1247 330 1333 362 scala
1358 329 1415 371 rei,

976 378 1039 411 Per
1065 387 1158 419 quam
1177 378 1256 410 mihi
1280 386 1402 410 memor
1427 377 1490 409 mei

977 426 1051 459 Dux
1080 427 1227 458 caelestis
1253 425 1334 458 aciei

1024 474 1116 507 Misit
1141 474 1346 507 adiutorium.

970 562 1049 604 Ave,
1077 564 1174 600 porta
1196 562 1264 601 regi
1287 564 1388 603 grata,

974 609 1037 641 Per
1061 618 1153 650 quam
1181 609 1296 642 transit
1320 610 1461 641 calceata

974 657 1084 691 Virtus
1109 657 1211 698 patris
1238 666 1277 689 ex
1301 661 1334 689 te
1358 659 1443 700 nata,

972 706 1018 739 Ut
1042 708 1190 746 resurgat
1211 706 1364 738 innovata

972 753 1126 787 Idumaea
1153 754 1297 787 desolata

1020 802 1057 834 In
1083 801 1186 843 figura
1210 803 1361 842 gentium.

966 889 1046 931 Ave,
1074 891 1168 928 petra
1193 889 1384 931 praeelecta,

970 937 1032 969 Per
1041 945 1135 977 quam
1146 936 1264 968 dudum
1275 936 1368 977 plebs
1380 936 1504 969 deiecta

967 984 1140 1016 Exaltatur
1165 983 1230 1017 fide
1254 987 1353 1024 recta,

968 1031 1067 1064 Nulla
1091 1032 1151 1064 viri
1176 1041 1271 1064 manu
1295 1036 1392 1075 secta,

967 1080 1005 1112 In
1031 1089 1124 1120 quam
1149 1080 1260 1120 templi
1285 1083 1372 1113 sarta
1398 1083 1484 1113 tecta

1019 1127 1171 1168 Princeps
1195 1128 1285 1168 pacis
1311 1129 1473 1162 terminat.

966 1214 1046 1257 Ave,
1073 1223 1190 1254 parens
1216 1215 1285 1247 51116
1308 1215 1390 1255 pari,

966 1261 1070 1293 Valde
1093 1264 1126 1294 te
1150 1271 1208 1294 nos
1232 1264 1380 1296 venerari

967 1309 1079 1341 Laude
1106 1311 1198 1342 decet
1221 1311 1386 1353 singulari,

967 1358 1029 1390 Per
1046 1367 1137 1398 quam
1157 1359 1254 1401 63610,
1279 1362 1395 1402 terrae,
1419 1360 1501 1392 mari

964 1405 1015 1437 Ex
1041 1414 1178 1445 superno
1203 1407 1336 1439 salutari

1014 1453 1154 1486 Laudem
1181 1455 1268 1487 Deus
1293 1456 1461 1496 germinat.

967 1540 1046 1583 Ave,
1074 1541 1155 1572 caeli
1177 1543 1360 1586 margarita,

964 1587 1066 1620 Terra
1089 1589 1177 1621 sulco
1202 1599 1265 1622 11011
1290 1592 1411 1634 attrita,

965 1636 1029 1668 Ρ61
1052 1646 1144 1677 quam
1165 1638 1257 1670 nobis
1284 1648 1359 1672 vera
1380 1641 1455 1685 vita,

966 1683 1029 1715 Diu
1053 1685 1136 1717 votis
1163 1687 1315 1728 expetita,

965 1731 1109 1765 Christus
1136 1734 1230 1766 datur
1255 1737 1415 1769 custodita

1013 1779 1143 1813 Ventris
1168 1783 1335 1823 pudicitia.

964 1865 1026 1898 Hic
1049 1872 1165 1900 natura
1187 1870 1235 1902 516
1257 1873 1416 1916 procedit,

964 1914 1201 1950 Perscrutando
1226 1918 1313 1951 victa
1338 1922 1431 1966 redit,

963 1962 1017 1994 Ius
1042 1966 1174 1996 naturae
1200 1968 1287 2000 caelo
1314 1971 1409 2013 cedit,

965 2010 1049 2044 Dum
1061 2013 1160 2053 stirps
1174 2019 1285 2048 sancta
1296 2015 1407 2050 florem
1418 2021 1496 2064 edit,

962 2058 1061 2091 Dicat
1083 2068 1168 2104 ergo,
1196 2063 1249 2103 qui
1273 2065 1320 2097 sic
1347 2068 1470 2101 credit:

1012 2109 1092 2147 Ave,
1117 2110 1214 2150 plena
1237 2114 1350 2153 gratia

964 2203 1045 2247 Ave,
1074 2214 1189 2245 parens
1214 2213 1327 2243 eontra
1351 2222 1484 2256 morem,

965 2252 1067 2285 Terra
1091 2255 1171 2287 caeli
1194 2257 1308 2291 bibens
1333 2270 1449 2307 rorem,

964 2299 1158 2335 Germinasti
1182 2306 1384 2353 salvatorem,

964 2348 1062 2390 Virgo
1087 2350 1198 2398 Deum,
1225 2356 1317 2397 virga
1340 2357 1462 2399 florem,

964 2396 1017 2430 Sic
1034 2398 1091 2431 bos
1116 2410 1204 2435 suum
1231 2413 1449 2444 possessorem

1012 2446 1101 2481 Parit
1125 2450 1211 2484 intra
1235 2453 1408 2488 stabulum.
