1655 2726
778 157 1011 192 „32-

623 252 819 286 Secunda
842 254 1164 294 Quinquagena.

271 347 278 355 .
303 322 385 362 Ave,
412 321 500 353 cuius

352 378 403 400 me
426 373 518 409 regat.
542 367 655 408 gratia,

306 417 357 449 Ne
381 417 441 448 sim
465 419 579 457 potens

355 465 388 497 in
411 464 580 506 iniustitia,

306 513 506 547 Adiutricem

351 570 453 593 meam
478 564 511 593 te
534 560 637 601 posui,

305 609 356 642 Ne
379 618 431 641 me
455 610 540 641 sinas

350 658 384 689 in
408 656 472 689 fine
498 657 632 691 destrui.

247 731 280 758 ·.
308 726 386 765 Ave,
414 724 499 757 celsa

354 773 506 805 virtutum
532 773 634 813 apice,

309 822 360 854 Tu
386 821 427 853 de
452 822 540 854 caelo

356 877 453 909 super
477 878 534 901 nos
560 869 677 911 aspice,

308 918 375 950 Fac
398 916 440 949 ad
466 917 583 949 bonum

352 969 518 1005 promptos
545 967 575 996 et
600 964 734 1005 habiles,

306 1013 386 1052 Quia
411 1011 489 1045 facti

355 1070 462 1093 sumus
485 1061 625 1095 inutiles

270 1153 278 1161 .
304 1129 385 1170 Ave,
413 1131 523 1161 sancto

354 1175 493 1209 fecunda
517 1176 669 1217 germine,

307 1224 437 1256 Salvum
462 1233 512 1256 me
536 1223 589 1256 fac

355 1272 389 1303 in
414 1274 468 1305 tuo
493 1272 621 1304 nomine

306 1320 417 1361 Opem,
445 1329 572 1361 quaeso,

355 1372 485 1408 praesta
511 1368 718 1409 celerrimam,

307 1416 415 1448 Meam
440 1414 541 1449 fortes

352 1473 393 1495 ne
418 1467 573 1504 quaerant
596 1462 743 1495 animam.

273 1557 280 1564 .
305 1531 387 1572 Ave,
414 1532 501 1563 cuius

357 1588 475 1619 quaero
501 1579 678 1611 subsidium

309 1627 523 1660 Conturbatus

356 1684 375 1706 a
399 1684 477 1708 voce
500 1676 649 1714 hostium,

308 1724 367 1763 Qui
391 1725 423 1755 in
447 1725 498 1756 ira

357 1772 478 1804 turbati
503 1772 641 1815 rugiunt,

310 1820 375 1852 Sed
399 1822 433 1852 te
456 1823 559 1852 matre

357 1868 488 1901 iubente
513 1867 647 1909 fugiunt.

276 1962 283 1969 .
309 1939 390 1978 Ave,
416 1937 528 1969 mundi

357 1986 465 2017 lumen
491 1988 524 2017 et
548 1985 666 2027 oculus,

310 2034 512 2066 Senescentis

356 2084 490 2114 naturae
513 2081 656 2123 baculus,

309 2130 468 2163 Miserere

357 2178 430 2218 mei,
457 2187 530 2218 spes
554 2177 678 2219 veniae,

311 2227 410 2266 Quem
435 2226 624 2259 conculcant

359 2275 467 2307 hostes
492 2273 620 2307 cotidie.

265 2347 284 2378 ¹.
310 2345 392 2383 Ave,
417 2346 541 2386 potens,

360 2394 457 2431 casta,
484 2391 662 2433 mitissima,

309 2441 387 2474 Mea
410 2440 445 2471 in
469 2443 501 2472 te

361 2487 493 2522 confidit
517 2488 633 2529 anima,

937 1745 992 1778 10.

941 2150 994 2184 11.

1017 320 1067 351 Tu
1094 319 1134 351 de
1160 322 1248 354 caelo

1065 367 1158 400 mitte
1183 368 1347 410 solacium,

1019 414 1188 448 Calcantes
1213 425 1265 448 me

1067 462 1111 494 da
1133 463 1168 495 in
1192 463 1403 504 opprobrium

1015 531 1098 572 Ave,
1124 532 1238 572 mater,

1067 580 1100 609 et
1124 586 1234 610 servos
1260 578 1374 622 libera,

1017 626 1155 665 Quorum
1181 635 1294 658 manus

1066 675 1259 707 concinnant
1283 674 1418 714 scelera,

1016 723 1067 755 Ea
1091 732 1151 762 per
1175 726 1208 755 te

1065 772 1208 804 salvator
1234 771 1352 813 deleat,

1018 819 1068 851 Ne
1093 828 1150 851 nos
1175 820 1225 851 ira

1064 867 1154 900 vivos
1181 867 1362 901 absorbeat.

984 963 991 969 .
1017 936 1098 976 Ave,
1125 944 1263 976 regnans

1066 992 1138 1015 cum
1164 984 1244 1015 caeli
1269 984 1427 1024 principe,

1015 1031 1158 1064 Inimicis

1064 1079 1144 1110 meis
1170 1089 1221 1111 me
1246 1080 1345 1121 eripe,

1017 1128 1133 1160 Preme
1158 1128 1268 1169 fortes,

1066 1176 1119 1216 qui
1145 1176 1176 1208 in
1202 1185 1253 1208 me
1277 1176 1405 1209 irruunt,

1018 1224 1062 1256 Et
1088 1222 1229 1257 furorem

1066 1281 1156 1304 suum
1183 1276 1352 1307 exacuunt.

985 1367 991 1373 .
1017 1341 1098 1382 Ave,
1124 1343 1236 1384 mater,

1067 1387 1155 1420 cuius
1180 1388 1213 1420 in
1239 1388 1306 1421 filio

1020 1435 1139 1468 Sanata
1163 1442 1212 1468 est

1066 1486 1176 1517 nostra
1203 1485 1351 1517 contritio

1019 1532 1117 1572 Opem
1144 1536 1284 1574 praesta,

1067 1580 1113 1612 tui
1138 1582 1321 1614 muniminis

1021 1629 1112 1660 Vana
1138 1631 1221 1662 enim

1068 1679 1117 1708 est
1141 1679 1227 1710 salus
1254 1679 1402 1713 hominiS.

1018 1745 1099 1784 Ave,
1126 1743 1205 1778 felix

1066 1793 1099 1824 in
1124 1794 1323 1834 mulieribuS‚

1018 1841 1072 1873 Ad
1098 1850 1192 1882 quam
1219 1843 1321 1876 clamo

1069 1890 1109 1921 de
1133 1892 1241 1923 terrae
1266 1891 1394 1933 finibus,

1019 1937 1097 1978 Fac,
1123 1942 1160 1971 ut
1184 1941 1269 1981 regis

1066 1986 1191 2020 intrans
1218 1988 1399 2021 cubiculum

1019 2034 1181 2068 Psalmum
1206 2037 1266 2069 ‘tibi

1069 2083 1173 2116 dicam
1198 2086 1232 2117 in
1258 2087 1431 2122 saeculum.

1021 2152 1101 2194 Ave,
1130 2154 1218 2186 cuius

1066 2205 1234 2242 susceptor
1259 2201 1426 2244 Dominus,

1018 2248 1113 2290 Mihi,
1138 2253 1252 2290 mater,

1068 2297 1180 2330 adesto
1207 2297 1393 2339 comminus,

1020 2345 1154 2385 Quando
1179 2346 1281 2378 iudex

1065 2393 1101 2425 in
1127 2393 1180 2429 die
1207 2402 1325 2433 aspera

1020 2441 1151 2474 Reddet
1170 2441 1284 2482 cuique

1068 2490 1244 2523 secundum
1269 2497 1379 2529 opera.
