1655 2726
274 236 329 270 17.
355 236 436 278 Ave,
464 233 550 275 Sion,

403 283 481 316 urbs
505 281 716 322 fortitudinis,

359 331 454 365 Cuius
479 332 590 371 portas

405 380 531 413 creator
555 377 703 419 hominis,

356 429 420 462 Per
446 436 523 469 quas
548 426 630 458 nulli

402 475 542 509 transire
562 474 662 518 licuit,

355 525 495 557 Introire

401 571 548 613 protinus
574 570 684 603 voluit.

273 651 327 685 18.
352 650 432 691 Ave,
457 648 519 680 Dei

404 697 519 730 edocta
541 695 674 738 legibus,

357 745 475 786 Legem
498 752 584 785 pone

404 792 482 825 meis
508 791 669 832 operibuS‚

356 842 403 875 Ut
426 842 460 873 in
483 839 582 871 verbo

403 892 457 921 tuo
484 896 573 929 spem
597 886 743 927 habeam,

355 937 406 969 Ne
429 938 466 968 ut
490 935 558 968 ovis

404 984 541 1017 errando
567 991 706 1024 peream.

273 1063 327 1096 19.
354 1062 435 1103 Ave,
461 1060 592 1092 summis

404 1108 531 1142 excelsa
555 1107 695 1150 sedibuS,

355 1158 409 1190 Ad
435 1165 528 1198 quam
553 1155 651 1187 tendo

403 1206 558 1238 virtutum
582 1203 746 1244 gradibus,

357 1253 429 1297 Sed,
456 1254 492 1283 ut
516 1252 570 1284 via

404 1300 483 1333 mihi
507 1300 551 1331 sit
573 1298 685 1338 libera,

355 1349 406 1381 Ab
431 1347 548 1387 iniquis

402 1396 519 1437 linguis
544 1404 596 1427 me
620 1395 733 1428 libera.

275 1475 330 1507 20.
357 1475 436 1515 Ave,
464 1472 596 1514 caelum,

403 1530 472 1561 avc,
499 1529 588 1552 mons
614 1521 777 1559 montium,

352 1569 449 1602 Unde
473 1569 561 1600 venit

401 1616 479 1649 mihi
501 1616 663 1657 auxilium,

354 1665 404 1697 Ne
431 1664 595 1705 dormites,

404 1721 530 1756 quaeso,
557 1720 617 1743 nec
643 1712 793 1752 dormias,

355 1762 419 1795 Sed
446 1768 496 1793 me
521 1769 648 1800 semper

403 1808 480 1850 vigil
507 1808 678 1840 custodias.

273 1888 329 1920 21.
355 1887 436 1928 Ave,
462 1885 551 1926 virgo

404 1936 516 1966 sancta
538 1935 575 1965 ut
600 1933 723 1975 civitas,

357 1982 421 2016 Ubi
444 1981 561 2014 mansit

404 2034 436 2063 et
460 2030 545 2062 sedit-
570 2029 682 2071 deitas,

357 2079 452 2114 Cuius
476 2086 588 2118 pacem

402 2126 482 2160 fecit
503 2126 538 2158 in
562 2125 718 2167 omnibus,

357 2176 457 2216 Quam
483 2174 635 2207 virtutum

403 2222 540 2257 munivit
564 2221 732 2255 fructibus.

274 2305 329 2337 22.
356 2303 437 2346 Ave,
465 2300 562 2334 fracti

405 2350 544 2392 paxillus
569 2348 699 2390 saeculi,

355 2400 452 2441 Ecce,
480 2399 562 2431 sicut

403 2456 567 2481 servorum
593 2446 677 2479 oculi

798 132 1033 169 ,38-

959 453 1013 485 23.

960 867 1013 899 24.

957 1279 1014 1312 25.

958 1694 1014 1726 26.

958 2108 1013 2139 27.

1040 228 1137 261 Suum
1163 237 1290 269 semper

1089 277 1225 309 haerent
1247 277 1281 309 in
1308 272 1480 312 dominum,

1042 325 1096 358 Sic
1118 334 1175 357 nos
1200 326 1234 357 in
1258 328 1301 365 te,

1088 382 1161 413 spes
1188 374 1259 407 sola
1279 371 1451 405 hominum.

1041 453 1122 493 Ave,
1148 460 1207 491 per
1232 460 1326 491 quam

1090 499 1130 531 de
1154 499 1266 531 mortis
1291 499 1405 538 laqueo

1041 547 1132 580 Sicut
1153 555 1267 587 passer

1088 597 1215 635 ereptus
1240 594 1373 636 gaudeo,

1039 643 1123 675 Nam
1149 643 1304 675 contritus

1089 695 1139 724 est
1161 699 1222 731 per
1246 693 1279 722 te
1302 690 1443 730 laqueus,

1040 739 1140 779 Quem
1165 738 1313 771 caelestis

1089 787 1244 820 contrivit
1267 786 1411 819 malleuS.

1040 866 1121 906 Ave,
1149 864 1234 907 Sion,

1088 912 1165 945 urbs
1189 911 1293 944 nostri
1318 907 1468 945 foederis,

1039 962 1077 994 In
1103 963 1267 994 aeternum

1086 1018 1151 1042 non
1177 1003 1434 1046 commoveberis,

1039 1057 1121 1090 Nam
1147 1057 1182 1089 in
1205 1056 1262 1088 illo

1085 1113 1197 1137 secure
1221 1103 1358 1144 habitas⁷

1040 1153 1136 1186 Cuius
1161 1152 1264 1185 nescit

1085 1204 1206 1234 motum
1230 1199 1400 1232 stabilitae.

1039 1279 1120 1321 Ave,
1148 1278 1236 1310 cuius

1086 1327 1120 1358 in
1145 1325 1317 1366 puerperio

1039 1375 1210 1415 Repletum
1237 1377 1286 1405 est

1087 1432 1121 1455 os
1143 1425 1285 1454 nostrum
1313 1417 1440 1462 gaudio,

1041 1471 1153 1503 Semen
1179 1470 1271 1513 enim,

1087 1519 1172 1559 quod
1196 1517 1309 1550 flentes
1336 1515 1487 1559 misimus,

1040 1568 1106 1600 Iam
1133 1567 1270 1599 ubertim

1086 1615 1260 1656 gaudentes
1285 1613 1445 1646 metimus.

1039 1693 1118 1736 Ave,
1148 1692 1258 1724 domus

1088 1744 1120 1772 et
1144 1739 1334 1784 aedificium,

1042 1789 1139 1822 Cuius
1165 1798 1244 1829 opus

1087 1836 1324 1869 aedificantium

1039 1885 1084 1917 Et
1106 1885 1248 1918 laborem

1087 1933 1187 1966 hostis
1212 1943 1275 1966 non
1302 1933 1438 1978 mutilat,

1038 1981 1125 2014 Deus
1151 1982 1233 2014 enim

1085 2030 1205 2063 ibidem
1228 2031 1350 2073 vigilat.

1039 2108 1120 2150 Ave,
1147 2109 1227 2142 caeli

1088 2157 1192 2189 lumen
1219 2162 1420 2202 perpetuum,

1042 2205 1088 2238 Ut
1111 2206 1299 2239 manducem

1087 2254 1231 2286 laborem
1255 2265 1416 2299 manuum,

1040 2301 1118 2345 Fac,
1145 2307 1182 2335 ut
1206 2303 1298 2336 bonis

1090 2350 1181 2384 fruar
1207 2352 1399 2385 caelestibus

1041 2398 1134 2432 Vitae
1157 2409 1248 2433 meae

1092 2448 1204 2481 diebus
1231 2450 1387 2482 omnibus.
