1655 2726
759 140 992 175 „420-

227 238 282 271 30.
309 239 388 282 Ave,
421 248 481 279 per
504 247 596 279 quam
623 246 679 270 rex
705 239 839 271 salutem

225 565 281 599 31.

224 894 278 926 32.

224 1219 280 1252 33.

226 1546 282 1577 34.

224 1871 279 1904 35.

224 2209 281 2242 36.

306 286 398 319 Fecit
426 287 529 319 crucis
553 295 613 327 per
637 286 800 329 virtutem,

305 334 393 367 Luce
420 343 530 367 creans
555 335 762 373 iuventutem,

304 383 375 415 Nec
400 386 448 415 est
470 383 566 425 ultra,
592 392 649 415 eur
664 392 716 415 me
732 385 841 424 putem

307 431 354 464 Ob
381 431 543 471 antiquam
568 431 751 463 servitutem

355 478 557 511 Destinatum
584 479 700 520 gladio.

309 567 391 606 Ave,
416 567 502 604 vitis,
530 567 626 598 arbor
650 567 745 609 vitae,

310 615 403 646 Vitae
428 615 550 656 botrus,
578 614 618 646 de
642 617 675 646 te
699 615 765 647 vite

310 662 425 694 Prodit
449 672 548 702 agnus
571 663 640 694 sine
664 663 730 705 lite,

310 710 407 743 Cuius
434 710 526 743 nobis
553 719 668 749 corpus
692 710 770 741 mite

306 759 423 791 Potum
440 758 548 798 mittit,
568 766 659 798 quem
677 766 762 790 nunc
779 759 840 790 rite

355 805 405 838 Dc
430 806 525 838 altari
551 806 711 838 sumimus

306 895 384 935 Ave,
414 892 502 925 verbi
528 902 583 924 vas
609 900 770 935 arcanum,

308 940 429 972 Mundo
455 939 562 972 ferens
590 940 670 972 caeli
696 950 839 981 granum,

306 988 403 1021 Cuius
430 988 509 1020 odor
534 988 644 1020 reddit
668 997 789 1031 sanum,

307 1036 401 1069 Cuius
427 1045 523 1076 sapor
547 1037 596 1068 ius
622 1035 792 1075 profanum

307 1085 442 1117 Prorsus
451 1084 546 1126 tollit,
558 1084 838 1124 quodpermanum

355 1132 481 1164 Primae
505 1132 617 1164 matris
641 1132 813 1165 hausimus.

308 1220 385 1260 Ave,
414 1227 474 1258 per
497 1227 589 1258 quam
616 1227 672 1251 rex
699 1227 798 1259 egeno

304 1266 475 1308 Iudicavit,
503 1274 572 1298 cum
597 1266 630 1297 in
656 1266 749 1299 foeno

306 1314 347 1346 Se
372 1314 533 1346 coniunxit
557 1323 680 1355 gemma
706 1323 812 1358 caeno,

307 1363 352 1396 Ut
375 1362 531 1394 reddatur
555 1363 624 1394 iure
649 1363 743 1403 pleno

306 1410 476 1442 Servitutis
502 1413 596 1450 rupto
623 1409 733 1443 fraeno

352 1457 452 1489 Liber
477 1466 587 1491 servus
609 1458 748 1492 Domini,

309 1545 389 1582 Ave,
417 1545 457 1576 de
482 1554 543 1585 qua
565 1546 618 1577 lex
644 1549 777 1578 naturae

311 1592 395 1624 Satis
419 1596 537 1632 stupet,
564 1602 644 1633 quae
662 1595 836 1638 iuncturae,

308 1640 383 1679 Quis
409 1641 450 1671 sit
476 1640 554 1673 ordo
580 1641 753 1684 geniturae,

308 1687 399 1727 Quod
421 1688 552 1728 pudoris
577 1689 666 1721 ‘salvo
691 1691 762 1722 iure

307 1735 349 1767 Se
374 1740 498 1767 creator
524 1739 688 1769 creaturae

354 1782 442 1826 Unit,
469 1783 555 1816 Deus
580 1785 710 1819 homini.

307 1873 387 1910 Ave,
416 1870 504 1910 virgo
531 1880 623 1910 quam
648 1872 784 1911 privatis

307 1918 391 1950 Sede
414 1918 538 1958 primae
565 1919 729 1958 dignitatis

307 1966 381 1998 Dux
407 1964 563 2006 praefecit
588 1966 750 2007 bonitatis,

306 2014 352 2047 Ut
377 2016 410 2046 te
436 2014 516 2045 duce
542 2023 611 2045 cum
637 2013 739 2047 beatis

307 2063 442 2095 Hortum
470 2063 570 2094 intret
594 2062 769 2103 voluptatis

355 2112 475 2143 Amota
500 2110 655 2144 custodia.

307 2209 389 2248 Ave,
415 2207 515 2249 virga,
543 2209 636 2248 grata
658 2205 741 2245 fiori,

308 2256 347 2288 111
372 2264 434 2295 qua
460 2259 571 2288 contra
594 2255 698 2295 legem
722 2254 808 2287 thori

309 2304 387 2336 Man
415 2304 581 2336 descendit
605 2303 748 2335 iunctum
766 2303 841 2346 rori,

308 2352 389 2385 Dum
417 2362 482 2393 pax
507 2352 579 2393 Iege
603 2351 729 2383 meliori

308 2400 410 2433 Reum
432 2402 527 2441 negat
553 2401 680 2441 dignum
706 2401 787 2433 mori

355 2450 501 2483 Favente
525 2449 659 2483 iustitia.

913 238 967 272 37.

914 566 968 598 38.

911 894 966 926 39.

911 1220 966 1252 40.

908 1547 964 1580 41.

913 1875 968 1907 42.

912 2210 968 2242 43.

992 236 1072 279 Ave,
1101 234 1183 267 cella
1207 235 1303 274 plena
1330 233 1405 274 favi,

997 284 1093 317 Cuius
1117 283 1230 322 prodit
1254 291 1294 315 ex
1321 282 1475 326 conclavi,

995 332 1049 365 Ad
1067 339 1159 372 quem
1177 339 1308 371 pressus
1327 339 1424 363 carne
1441 330 1532 371 gravi

993 381 1057 413 Per
1081 382 1114 411 te
1139 387 1243 411 meum
1269 387 1324 411 cor
1349 379 1466 418 levavi,

994 429 1048 461 Ad
1073 430 1107 460 te
1133 427 1244 465 clamo,
1272 436 1366 468 quam
1392 426 1498 459 amavi

1041 478 1072 509 A
1097 476 1264 516 primaevo
1289 479 1444 515 tempore.

995 564 1076 603 Ave,
1105 563 1223 595 dudum
1252 562 1433 605 concupita,

994 612 1080 645 Urbs
1105 612 1138 643 in
1163 613 1271 643 monte
1296 614 1406 643 sancto
1432 611 1504 650 sita,

994 662 1033 694 In
1059 669 1152 700 quam
1180 662 1290 691 contra
1314 659 1395 699 legis
1421 659 1503 691 scita

994 708 1176 750 Legislator
1200 708 1302 740 intrat
1324 707 1382 748 ita,

995 757 1084 797 Quod
1116 758 1190 796 post
1214 754 1354 787 fructum
1379 755 1534 796 insignita

1041 805 1156 837 Manes
1181 803 1270 836 floris
1298 804 1425 837 decore.

988 892 1071 933 Ave,
1097 900 1155 932 per
1181 901 1273 932 quam
1302 892 1369 924 vita
1386 893 1531 934 mortem,

993 939 1102 972 Morte
1127 939 1207 972 vicit
1229 939 1322 971 fortis
1348 938 1474 981 fortem,

995 990 1072 1020 Cum
1080 988 1253 1027 deplorans
1262 991 1406 1020 nostram
1414 990 1533 1020 sortem

993 1035 1134 1068 Nostrae
1159 1036 1254 1068 sortis
1280 1045 1316 1068 se
1342 1038 1525 1068 consortem

992 1085 1032 1116 In
1057 1088 1089 1115 te
1114 1082 1203 1125 facit,
1230 1087 1267 1115 ut
1292 1086 1453 1117 exsortem

1041 1132 1169 1164 Primae
1195 1131 1275 1163 sorti
1302 1131 1464 1165 redderet.

993 1218 1074 1258 Ave,
1102 1218 1202 1260 virgo,
1230 1228 1323 1259 quam
1348 1218 1446 1260 elegit

991 1266 1062 1299 Rex
1074 1267 1108 1298 in
1121 1266 1283 1305 thronum,
1299 1267 1353 1308 qui
1365 1276 1424 1299 nos
1436 1267 1530 1311 regit,

992 1314 1080 1355 Opus
1105 1315 1171 1346 tale
1197 1315 1302 1347 nullus
1330 1315 1405 1356 egit,

992 1362 1071 1395 Cum
1095 1363 1143 1394 sic
1167 1363 1201 1395 in
1227 1367 1260 1394 te
1285 1373 1319 1395 se
1346 1364 1486 1407 collegit,

990 1411 1082 1450 Quod
1106 1412 1240 1451 pudoris
1265 1421 1329 1444 non
1357 1411 1483 1453 effregit

1037 1459 1140 1498 Ebur,
1168 1469 1240 1491 cum
1265 1461 1465 1493 ascenderet.

990 1547 1071 1585 Ave,
1099 1556 1158 1587 per
1183 1557 1278 1588 quam
1304 1549 1391 1582 salus
1418 1550 1533 1594 crevit,

990 1596 1071 1628 Cum
1096 1605 1149 1627 ros
1176 1597 1257 1628 caeli
1283 1601 1315 1629 te
1341 1599 1491 1639 replevit,

990 1643 1054 1676 Hic
1080 1647 1130 1675 est
1153 1645 1219 1687 ille,
1248 1646 1302 1685 qui
1323 1655 1388 1677 non
1406 1647 1533 1687 sprevit

991 1691 1145 1724 Nostrum
1162 1702 1271 1736 genus,
1287 1694 1343 1725 sed
1362 1696 1537 1736 complevit

989 1739 1030 1771 In
1054 1744 1087 1771 te
1113 1741 1192 1783 sola,
1220 1750 1302 1781 quae
1329 1742 1475 1776 decrevit

1040 1788 1091 1819 A2b
1118 1791 1249 1820 aeterno
1274 1789 1356 1823 fieri.

995 1873 1076 1911 Ave,
1108 1883 1168 1913 per
1192 1885 1285 1915 quam
1310 1878 1343 1909 in
1369 1877 1535 1915 fornacem

994 1921 1065 1954 Rex
1089 1922 1257 1955 descendit
1281 1926 1386 1958 ferens
1408 1938 1533 1974 pacem,

994 1968 1119 2001 Novam
1145 1972 1240 2003 stella
1266 1975 1353 2013 parit
1376 1975 1490 2021 facem,

995 2017 1113 2050 Rorem
1139 2017 1219 2051 lucis
1245 2021 1418 2069 efficacem,

996 2066 1057 2105 Qui
1084 2067 1253 2100 conturbat
1278 2075 1498 2107 contumacem

1042 2113 1237 2147 Exactorem
1260 2117 1369 2153 interi.

995 2209 1075 2252 Ave,
1103 2210 1191 2242 cuius
1216 2212 1249 2243 in
1276 2213 1401 2250 factura

997 2256 1113 2298 Stupet
1137 2260 1239 2291 omnis
1266 2266 1423 2307 creatura,

999 2305 1082 2338 Tota
1106 2306 1253 2350 pulchra,
1279 2314 1349 2343 tota.
1372 2322 1463 2358 pura,

998 2353 1086 2394 Quae
1112 2363 1182 2386 cum
1208 2364 1284 2397 rege
1309 2361 1454 2399 paritura.

998 2402 1074 2434 Iure
1099 2405 1189 2435 tenes
1215 2407 1305 2446 regni
1329 2408 1409 2454 iura,

1049 2451 1105 2485 Cui
1132 2452 1178 2484 nil
1203 2452 1237 2484 in
1263 2457 1295 2486 te
1322 2455 1483 2497 displicet.
