1655 2726
241 1161 294 1193 10.

243 1755 297 1788 11.

757 177 804 182 —
853 156 921 192 128
972 176 1018 181 --

301 256 487 289 interventu
513 257 698 289 meritorum

301 305 420 345 Regem
447 309 536 337 orate
562 306 733 345 caelorum,

347 354 402 397 Ut,
429 354 483 393 qui
507 353 600 386 nobis
625 353 780 385 terribilis

300 401 356 433 Fit
380 401 419 433 ob
447 411 562 434 noxam
587 404 803 442 peccatorum,

301 449 417 481 Dando
445 450 565 482 veniam
593 459 700 482 eorum

350 497 428 529 Fiat
452 498 677 539 propitiabilis

280 590 287 598 .
303 564 421 597 Sancta
446 565 593 606 Magdali
617 565 734 604 Maria,

304 614 403 652 Quam
429 621 506 645 vera
529 613 727 654 paenitentia

356 660 563 694 Consecravit
587 661 753 701 altissimo,

307 709 496 752 Katharina,
523 709 632 749 Agnes
659 709 713 748 pia

306 756 351 788 Et
376 757 532 797 virgiuum
557 757 671 788 militia

353 804 481 837 Pollens
506 806 622 837 decore
645 805 794 844 maximo,

305 852 387 884 Toto
413 853 510 885 corde
531 856 563 884 et
587 853 690 885 animo

304 900 428 932 Devoto
455 904 487 932 et
509 901 684 933 humillimo

354 949 514 989 Rogamus
541 958 606 989 vos,
632 952 667 981 ut
691 949 789 980 noxia

309 997 473 1029 Tollentes
498 997 741 1029 clementissimo

309 1045 445 1077 Domino
472 1048 503 1077 et
528 1045 670 1085 piissimo

358 1092 593 1126 Commendetis
617 1093 794 1125 clementia.

314 1160 429 1192 Omnes
454 1160 567 1200 sancti,
595 1160 649 1200 qui
675 1160 833 1191 caelorum

309 1207 439 1239 Tenetis
464 1207 620 1248 fulgidum
645 1208 774 1239 chorum

357 1255 433 1288 Cum
460 1256 562 1288 beatis
588 1255 773 1297 virginibus,

312 1303 371 1342 Qui
396 1312 454 1343 per
480 1304 637 1336 canticum
663 1312 809 1335 sonorum

309 1351 562 1392 Tripudiumque
589 1352 736 1384 decorum

356 1399 501 1440 Repletis
528 1400 649 1431 caelum
672 1398 833 1438 laudibus,

307 1447 430 1478 Vestris
456 1447 652 1479 orationibus

309 1494 354 1527 Et
376 1495 658 1527 intercessionibus

362 1543 547 1583 Indigentes
574 1546 714 1575 vestrum
736 1541 840 1574 forum

311 1591 459 1632 Adimus‚
484 1596 521 1623 ut,
544 1591 743 1632 respectibus

311 1639 364 1671 Ad
391 1648 449 1671 nos
476 1640 637 1672 conversis
661 1638 791 1670 mitibus

359 1687 494 1720 Donetis
519 1687 614 1719 finem
640 1687 796 1720 laborum.

313 1755 476 1795 Propitius
503 1756 556 1796 qui
583 1754 682 1795 fuisti,

310 1802 395 1835 Dum
420 1804 454 1834 in
480 1813 575 1836 cruce
599 1802 811 1844 perpendisti,

359 1852 427 1884 Iam
453 1861 551 1893 parce
576 1851 678 1893 nobis,
704 1850 851 1892 Domine,

314 1899 348 1932 Si
372 1901 557 1940 sanguinem
585 1899 745 1932 effundisti

313 1948 358 1980 Et
382 1949 543 1981 hominem
565 1948 677 1981 eruisti

361 1996 412 2029 De
435 1997 555 2029 inferni
579 1996 740 2037 voragine,

316 2046 379 2078 Pro
403 2045 469 2078 ullo
496 2048 605 2078 nostro
631 2044 763 2076 crimine

315 2092 431 2125 Deleto
456 2093 664 2135 paenitudine

366 2141 471 2175 Corde
495 2151 603 2174 amaro
629 2143 660 2172 et
680 2139 766 2171 tristi

922 421 975 453 12.

926 1016 979 1048 13.

931 1612 985 1644 14.

990 255 1057 287 Iam
1086 252 1183 285 debes
1209 259 1266 283 nos
1291 249 1453 280 iuvamine

990 301 1123 334 Privare
1148 299 1200 334 vel
1221 296 1387 337 tutamine,

1037 350 1121 389 Quos
1145 350 1209 379 tam
1238 354 1313 378 care
1338 344 1515 378 redemisti.

994 419 1180 451 Peccatores
1206 418 1238 445 tc
1263 421 1423 453 rogamus,

990 465 1077 499 Audi
1101 473 1168 506 nos,
1196 465 1229 494 te
1253 461 1470 500 obsecramus,

1039 513 1168 546 Donans
1181 518 1293 551 pacem
1310 511 1398 540 tuam
1419 507 1554 548 cunctis,

990 562 1180 599 Ecclesiam,
1206 567 1265 599 pro
1291 566 1355 597 qua
1376 560 1498 589 stamus

992 611 1037 643 Et
1060 618 1118 650 per
1143 616 1237 649 quam
1262 614 1319 637 nos
1337 605 1553 645 gubernamus

1042 655 1260 691 observantiis
1285 653 1450 695 iniunctis,

994 707 1081 747 Rege
1104 704 1249 745 potentia
1273 709 1359 734 nunc
1382 701 1426 733 tis

994 754 1222 793 Fidelibusque
1248 749 1420 791 defunctiS,

1041 803 1103 835 Pro
1128 800 1242 841 quibus
1266 801 1300 830 te
1322 798 1519 838 invocamus,

995 851 1045 883 Da
1069 849 1207 890 requiem
1235 856 1305 879 cum
1331 845 1530 886 compunctis

993 899 1038 932 Et
1064 907 1132 930 cum
1158 896 1262 938 gratia
1285 896 1434 935 inunctis,

1042 946 1133 987 (guod
1159 949 1191 976 et
1205 953 1264 985 pro
1282 943 1375 975 nobis
1393 945 1540 983 optamus

994 1015 1058 1046 Fili
1084 1013 1155 1055 Dei,
1183 1012 1298 1045 exaudi
1322 1019 1381 1042 nos

994 1062 1039 1095 Et
1062 1062 1185 1102 perduc
1209 1069 1266 1092 nos
1291 1059 1479 1101 peregrinos

1042 1110 1096 1142 Ad
1112 1109 1260 1150 patriam,
1275 1116 1369 1148 quam
1377 1106 1558 1145 tendimus3

995 1159 1106 1201 Agnus
1130 1157 1201 1198 Dei,
1229 1155 1353 1188 custodi
1377 1164 1447 1195 nos,

996 1207 1073 1239 Tam
1100 1207 1240 1238 advenas
1266 1213 1360 1244 quam
1387 1204 1519 1244 vicinos,

1044 1254 1175 1286 Nullum
1199 1263 1218 1284 a
1243 1255 1275 1284 te
1299 1252 1505 1291 secludimus,

995 1304 1047 1335 Ad
1074 1305 1106 1334 te
1131 1310 1248 1341 parvus
1275 1303 1307 1332 et
1330 1300 1490 1341 minimus,

997 1351 1142 1391 Magnus,
1170 1350 1271 1381 maior
1297 1351 1330 1380 et
1353 1349 1510 1381 maximus

1044 1399 1133 1431 Inter
1158 1397 1277 1429 saeculi
1302 1396 1450 1429 scabinos

997 1448 1210 1486 Properamus
1236 1448 1267 1477 et
1289 1445 1456 1486 currimus,

999 1495 1045 1528 Ut
1066 1498 1111 1535 tu,
1138 1490 1183 1538 [o]
1210 1493 1466 1534 benignissimus,

1046 1543 1196 1582 Recipias
1222 1543 1270 1574 sic
1294 1540 1440 1577 festinos,

1002 1611 1097 1642 Pater
1119 1613 1238 1648 noster,
1265 1609 1438 1649 propitium

1001 1658 1048 1690 Te
1068 1659 1276 1698 imploramus
1303 1662 1335 1689 et
1357 1659 1447 1697 pium

1045 1706 1216 1740 Dicentes:
1244 1706 1316 1738 Ave
1340 1706 1457 1748 Maria,

1000 1755 1086 1794 Quae
1109 1758 1199 1787 tuum
1231 1757 1363 1795 portans
1390 1754 1490 1788 filium

1003 1804 1120 1835 Causas
1147 1803 1212 1844 agit
1236 1802 1400 1836 humilium

1049 1852 1193 1892 Supplex
1216 1851 1250 1883 in
1275 1855 1334 1884 tua
1358 1854 1455 1887 curia.

1001 1900 1075 1932 Tibi
1099 1903 1238 1940 natoque
1262 1900 1364 1940 gloria

1004 1947 1206 1989 Spiritusque
1229 1949 1386 1982 memoria

1048 1996 1097 2029 Sit
1118 1997 1151 2028 in
1176 1997 1273 2029 corde
1295 1996 1451 2038 fidelium,

1002 2044 1105 2077 Detur
1128 2045 1220 2077 nobis
1247 2049 1279 2078 et
1304 2047 1399 2080 venia

1004 2094 1066 2126 Per
1090 2093 1229 2126 Mariam
1258 2097 1289 2126 et
1312 2096 1421 2137 gratia

1049 2141 1094 2174 Et
1118 2143 1230 2174 salutis
1256 2143 1421 2176 auxilium.

322 2218 391 2247 God.
419 2221 541 2248 Trecen.
565 2217 614 2253 (ol.
643 2214 850 2251 Claravallen.)
879 2214 961 2245 1612.
989 2227 1064 2246 saec.
1092 2217 1135 2246 15.
1163 2234 1199 2238 —
1230 2217 1250 2248 l.
1273 2218 1299 2254 3,
1323 2217 1359 2247 12
1379 2221 1421 2248 Et
1441 2223 1508 2249 sint.
1530 2237 1568 2242 —

245 2255 289 2291 15,
311 2255 328 2285 5
352 2267 448 2294 egeas.
477 2273 515 2277 —
545 2255 589 2291 18,
608 2255 629 2285 4
649 2257 753 2291 Quam.
774 2270 812 2274 —
835 2252 878 2289 18,
899 2252 917 2282 8
938 2257 1041 2291 Quam.
1065 2274 1098 2278 —-
1120 2255 1166 2294 30,
1189 2257 1225 2287 10
1246 2260 1301 2287 sic.
1324 2273 1361 2277 -
1381 2257 1428 2294 30,
1453 2258 1487 2287 11
1510 2261 1569 2289 Ad-

242 2304 338 2323 versa.
359 2313 396 2318 —
416 2296 462 2332 39,
485 2295 519 2325 11
540 2297 691 2324 Extracto.

320 2332 357 2365 Il.
378 2335 449 2372 5,10
464 2338 572 2373 patres.
585 2351 619 2356 —
631 2332 700 2368 17,2
711 2334 867 2369 Pugnitor3
882 2332 938 2361 lies
949 2335 1113 2371 pagnator‘?
1124 2351 1161 2355 —
1172 2335 1218 2372 26,
1230 2335 1244 2364 1
1257 2336 1295 2365 ad
1306 2338 1335 2363 te
1344 2336 1519 2365 Dominum.
1533 2354 1570 2359 —

245 2373 291 2411 29,
306 2375 324 2405 3
344 2375 525 2405 Ulciscendi.
547 2390 583 2394 —
604 2372 652 2408 30,
667 2372 702 2401 11
724 2372 888 2400 saturitate.
909 2386 946 2392 —
965 2371 1011 2408 32,
1027 2372 1042 2402 1
1062 2375 1155 2408 Deus,
1179 2377 1239 2412 qui.
